<?xml version="1.0" encoding="UTF-8"?>
<collection><record><leader>01525npcaa2200265Ii 4500</leader><controlfield tag="001">999649651302909</controlfield><controlfield tag="005">20230804100029.0</controlfield><controlfield tag="008">171020|        cau     o     000 0 mul d</controlfield><datafield tag="041" ind1=" " ind2=" "><subfield code="a">eng</subfield><subfield code="a">nno</subfield></datafield><datafield tag="099" ind1=" " ind2="9"><subfield code="a">1999.31</subfield><subfield code="9">local</subfield></datafield><datafield tag="100" ind1="1" ind2=" "><subfield code="a">Heberlin, Margaret,</subfield><subfield code="e">collection creator.</subfield></datafield><datafield tag="245" ind1="1" ind2="0"><subfield code="a">Alternative Waste Disposal Collection :</subfield><subfield code="b">Finding Aid,</subfield><subfield code="f">1968-1980</subfield><subfield code="g">(bulk 1975-1979).</subfield></datafield><datafield tag="300" ind1=" " ind2=" "><subfield code="a">0.5 linear feet</subfield></datafield><datafield tag="500" ind1=" " ind2=" "><subfield code="a">Accession number: 1999.28</subfield></datafield><datafield tag="546" ind1=" " ind2=" "><subfield code="a">In English and Norwegian.</subfield></datafield><datafield tag="520" ind1="3" ind2=" "><subfield code="a">This collection contains documents regarding alternative waste water disposal in the Northern California area, specifically within Humboldt County, and focuses on the issues and research concerning the topic of dry toilet use. The collection contains a variety of documents such as: public records, private and public correspondence, legal documents, journal articles and newspaper clippings. The records span the dates 1968-1980, with the bulk of the material falling between 1975-1979.</subfield></datafield><datafield tag="650" ind1=" " ind2="0"><subfield code="a">House construction</subfield><subfield code="z">California</subfield><subfield code="z">Humboldt County.</subfield></datafield><datafield tag="650" ind1=" " ind2="0"><subfield code="a">Housing</subfield><subfield code="z">Law and legislation</subfield><subfield code="z">California</subfield></datafield><datafield tag="650" ind1=" " ind2="0"><subfield code="a">Housing, Rural</subfield><subfield code="z">California</subfield><subfield code="z">Humboldt County</subfield></datafield><datafield tag="650" ind1=" " ind2="0"><subfield code="a">Self-reliant living</subfield><subfield code="z">California</subfield><subfield code="z">Humboldt County</subfield></datafield><datafield tag="650" ind1=" " ind2="0"><subfield code="a">Sewage disposal in the ground</subfield><subfield code="z">California</subfield></datafield><datafield tag="650" ind1=" " ind2="0"><subfield code="a">Sewage</subfield><subfield code="x">Purification</subfield></datafield><datafield tag="650" ind1=" " ind2="0"><subfield code="a">Waste disposal in the ground</subfield><subfield code="z">California</subfield></datafield><datafield tag="856" ind1="4" ind2="0"><subfield code="u">http://library.humboldt.edu/humco/holdings/AltWasteAid.html</subfield><subfield code="z">Finding aid</subfield></datafield><datafield tag="973" ind1="0" ind2=" "><subfield code="a">Finding Aids at Cal Poly Humboldt University</subfield><subfield code="9">LOCAL</subfield></datafield></record>