<record><leader>01627cpcaa2200325 i 4500</leader><controlfield tag="001">999688644802909</controlfield><controlfield tag="005">20220404213021.0</controlfield><controlfield tag="008">180822nuuuuuuuuxx      o           eng  </controlfield><datafield tag="035" ind1=" " ind2=" "><subfield code="a">(OCoLC)1049174073</subfield></datafield><datafield tag="035" ind1=" " ind2=" "><subfield code="a">(OCoLC)on1049174073</subfield></datafield><datafield tag="035" ind1=" " ind2=" "><subfield code="a">(EXLNZ-01CALS_NETWORK)991069743392302901</subfield></datafield><datafield tag="040" ind1=" " ind2=" "><subfield code="a">CHU</subfield><subfield code="b">eng</subfield><subfield code="e">rda</subfield><subfield code="c">CHU</subfield><subfield code="d">OCLCF</subfield><subfield code="d">CHU</subfield><subfield code="d">OCLCQ</subfield><subfield code="d">OCLCO</subfield></datafield><datafield tag="043" ind1=" " ind2=" "><subfield code="a">n-us-ca</subfield></datafield><datafield tag="099" ind1=" " ind2="9"><subfield code="a">2009.04</subfield><subfield code="9">local</subfield></datafield><datafield tag="100" ind1="1" ind2=" "><subfield code="a">Stillman, Alexandra,</subfield><subfield code="e">collection creator.</subfield></datafield><datafield tag="245" ind1="1" ind2="0"><subfield code="a">Arcata Ballot Measure G Collection :</subfield><subfield code="b">Finding Aid,</subfield><subfield code="f">2003-2008</subfield><subfield code="g">(bulk 2007-2008).</subfield></datafield><datafield tag="300" ind1=" " ind2=" "><subfield code="a">.33 cubic ft.</subfield></datafield><datafield tag="336" ind1=" " ind2=" "><subfield code="a">text</subfield><subfield code="b">txt</subfield><subfield code="2">rdacontent</subfield></datafield><datafield tag="337" ind1=" " ind2=" "><subfield code="a">computer</subfield><subfield code="b">c</subfield><subfield code="2">rdamedia</subfield></datafield><datafield tag="338" ind1=" " ind2=" "><subfield code="a">online resource</subfield><subfield code="b">cr</subfield><subfield code="2">rdacarrier</subfield></datafield><datafield tag="520" ind1="3" ind2=" "><subfield code="a">This collection contains information about Measure G, a ballot initiative for Arcata, California, that requested a ℓ cents sales tax increase to fund infrastructure and public services. The measure passed by a vote of 63.49% on November 4, 2008. The collection contains annotated meeting agendas and minutes, newspaper clippings, campaign ephemera, and reports.</subfield></datafield><datafield tag="546" ind1=" " ind2=" "><subfield code="a">English</subfield></datafield><datafield tag="650" ind1=" " ind2="0"><subfield code="a">Women</subfield><subfield code="x">Political activity.</subfield></datafield><datafield tag="650" ind1=" " ind2="6"><subfield code="a">Femmes</subfield><subfield code="x">Activité politique.</subfield></datafield><datafield tag="650" ind1=" " ind2="7"><subfield code="a">Politics and government.</subfield><subfield code="2">fast</subfield><subfield code="0">(OCoLC)fst01919741</subfield></datafield><datafield tag="650" ind1=" " ind2="7"><subfield code="a">Women</subfield><subfield code="x">Political activity.</subfield><subfield code="2">fast</subfield><subfield code="0">(OCoLC)fst01734136</subfield></datafield><datafield tag="651" ind1=" " ind2="0"><subfield code="a">Arcata (Calif.)</subfield><subfield code="x">Politics and government.</subfield></datafield><datafield tag="651" ind1=" " ind2="0"><subfield code="a">Arcata (Calif.)</subfield></datafield><datafield tag="651" ind1=" " ind2="7"><subfield code="a">California</subfield><subfield code="z">Arcata.</subfield><subfield code="2">fast</subfield><subfield code="0">(OCoLC)fst01202811</subfield></datafield><datafield tag="856" ind1="4" ind2="1"><subfield code="u">https://specialcollections.humboldt.edu/arcata-%E2%80%93-ballot-measure-g-collection-finding-aid</subfield></datafield><datafield tag="973" ind1="0" ind2=" "><subfield code="a">Finding Aids at Cal Poly Humboldt University</subfield><subfield code="9">LOCAL</subfield></datafield><datafield tag="994" ind1=" " ind2=" "><subfield code="a">92</subfield><subfield code="b">CAC</subfield></datafield><datafield tag="995" ind1=" " ind2=" "><subfield code="a">CSU ongoing load collection</subfield><subfield code="b">2022-04-04</subfield><subfield code="c">WorldCat record variable field(s) change: 650</subfield><subfield code="d">CSU interim load</subfield><subfield code="e">UPDATED</subfield></datafield></record>