<record><leader>01654cpcaa2200289 i 4500</leader><controlfield tag="001">999688645102909</controlfield><controlfield tag="005">20241018213017.0</controlfield><controlfield tag="008">180821nuuuuuuuuxx      o           eng  </controlfield><datafield tag="035" ind1=" " ind2=" "><subfield code="a">(OCoLC)1049156145</subfield></datafield><datafield tag="035" ind1=" " ind2=" "><subfield code="a">(OCoLC)on1049156145</subfield></datafield><datafield tag="035" ind1=" " ind2=" "><subfield code="a">(EXLNZ-01CALS_NETWORK)991069743696402901</subfield></datafield><datafield tag="040" ind1=" " ind2=" "><subfield code="a">CHU</subfield><subfield code="b">eng</subfield><subfield code="e">rda</subfield><subfield code="c">CHU</subfield><subfield code="d">OCLCF</subfield><subfield code="d">CHU</subfield><subfield code="d">OCLCQ</subfield><subfield code="d">OCLCO</subfield><subfield code="d">OCLCL</subfield><subfield code="d">OCLCO</subfield></datafield><datafield tag="099" ind1=" " ind2="9"><subfield code="a">1999.25</subfield><subfield code="9">local</subfield></datafield><datafield tag="110" ind1="1" ind2=" "><subfield code="a">CES Reunion Committee,</subfield><subfield code="e">collection creator.</subfield></datafield><datafield tag="245" ind1="1" ind2="0"><subfield code="a">College Elementary School (CES) Collection :</subfield><subfield code="b">Finding Aid,</subfield><subfield code="f">c. 1920s - 1991</subfield><subfield code="g">(bulk 1950s - 1960s ; 1991)</subfield></datafield><datafield tag="300" ind1=" " ind2=" "><subfield code="a">4 cubic feet; 2 boxes and 6 scrapbooks</subfield></datafield><datafield tag="336" ind1=" " ind2=" "><subfield code="a">text</subfield><subfield code="b">txt</subfield><subfield code="2">rdacontent</subfield></datafield><datafield tag="337" ind1=" " ind2=" "><subfield code="a">computer</subfield><subfield code="b">c</subfield><subfield code="2">rdamedia</subfield></datafield><datafield tag="338" ind1=" " ind2=" "><subfield code="a">online resource</subfield><subfield code="b">cr</subfield><subfield code="2">rdacarrier</subfield></datafield><datafield tag="520" ind1="3" ind2=" "><subfield code="a">The collection consists of various historical and administrative materials that were both gathered and generated by the June 1991 reunion of Humboldt State University's College Elementary School (CES) members. The documents reflect both the unique and shared experiences of CES members while simultaneously helping to frame an understanding of the program's operations and its impact on campus.</subfield></datafield><datafield tag="546" ind1=" " ind2=" "><subfield code="a">English</subfield></datafield><datafield tag="610" ind1="2" ind2="0"><subfield code="a">Humboldt State College.</subfield><subfield code="b">College Elementary School.</subfield></datafield><datafield tag="610" ind1="2" ind2="0"><subfield code="a">Humboldt State University.</subfield><subfield code="b">Department of Education.</subfield></datafield><datafield tag="610" ind1="2" ind2="0"><subfield code="a">Humboldt State University</subfield><subfield code="x">History.</subfield></datafield><datafield tag="610" ind1="2" ind2="7"><subfield code="a">Humboldt State University</subfield><subfield code="2">fast</subfield><subfield code="1">https://id.oclc.org/worldcat/entity/E39QH7JmqkDrRVDh9vKCVMX4kt</subfield></datafield><datafield tag="655" ind1=" " ind2="7"><subfield code="a">History</subfield><subfield code="2">fast</subfield></datafield><datafield tag="856" ind1="4" ind2="1"><subfield code="u">https://specialcollections.humboldt.edu/college-elementary-school-ces-collection-finding-aid</subfield></datafield><datafield tag="973" ind1="0" ind2=" "><subfield code="a">Finding Aids at Cal Poly Humboldt University</subfield><subfield code="9">LOCAL</subfield></datafield><datafield tag="994" ind1=" " ind2=" "><subfield code="a">92</subfield><subfield code="b">CAC</subfield></datafield><datafield tag="995" ind1=" " ind2=" "><subfield code="a">CSU ongoing load collection</subfield><subfield code="b">2024-10-18</subfield><subfield code="c">WorldCat record variable field(s) change: 610, 655</subfield><subfield code="d">CSU interim load</subfield><subfield code="e">UPDATED</subfield></datafield></record>