<record><leader>03669cpcaa2200577 i 4500</leader><controlfield tag="001">999688645202909</controlfield><controlfield tag="005">20240203213017.0</controlfield><controlfield tag="008">180821nuuuuuuuuxx      o           eng  </controlfield><datafield tag="035" ind1=" " ind2=" "><subfield code="a">(OCoLC)1049156183</subfield></datafield><datafield tag="035" ind1=" " ind2=" "><subfield code="a">(OCoLC)on1049156183</subfield></datafield><datafield tag="035" ind1=" " ind2=" "><subfield code="a">(EXLNZ-01CALS_NETWORK)991069743696502901</subfield></datafield><datafield tag="040" ind1=" " ind2=" "><subfield code="a">CHU</subfield><subfield code="b">eng</subfield><subfield code="e">rda</subfield><subfield code="c">CHU</subfield><subfield code="d">OCLCF</subfield><subfield code="d">OCL</subfield><subfield code="d">OCLCO</subfield><subfield code="d">CHU</subfield><subfield code="d">OCLCQ</subfield><subfield code="d">OCLCO</subfield><subfield code="d">OCLCL</subfield></datafield><datafield tag="043" ind1=" " ind2=" "><subfield code="a">n-us-ca</subfield><subfield code="a">n-us-or</subfield></datafield><datafield tag="099" ind1=" " ind2="9"><subfield code="a">1999.05</subfield><subfield code="9">local</subfield></datafield><datafield tag="100" ind1="1" ind2=" "><subfield code="a">Clausen, Don H.</subfield><subfield code="q">(Don Holst),</subfield><subfield code="d">1923-2015,</subfield><subfield code="e">collection creator.</subfield></datafield><datafield tag="245" ind1="1" ind2="0"><subfield code="a">Clausen (Don) Congressional Papers :</subfield><subfield code="b">Finding Aid,</subfield><subfield code="f">1963-2000</subfield><subfield code="g">(bulk 1963-1983)</subfield></datafield><datafield tag="300" ind1=" " ind2=" "><subfield code="a">144 cubic ft.</subfield></datafield><datafield tag="336" ind1=" " ind2=" "><subfield code="a">text</subfield><subfield code="b">txt</subfield><subfield code="2">rdacontent</subfield></datafield><datafield tag="337" ind1=" " ind2=" "><subfield code="a">computer</subfield><subfield code="b">c</subfield><subfield code="2">rdamedia</subfield></datafield><datafield tag="338" ind1=" " ind2=" "><subfield code="a">online resource</subfield><subfield code="b">cr</subfield><subfield code="2">rdacarrier</subfield></datafield><datafield tag="520" ind1="3" ind2=" "><subfield code="a">The Don H. Clausen Congressional Papers document Mr. Clausen's House of Representative service January 1963 - January 1983 as well as selected materials about his career and public service since 1983. Highlights of the collection are materials relating to the creation of Redwood National Park (in 1968) and its expansion (in 1978), securing the funding for the Lake Sonoma/Warm Springs Dam project, the King Range National Recreation Area, the Golden Gate National Recreation Area, establishing the 200 mile off-shore fishing limit, the forestry and wine industries, the rivers--especially Eel, Russian, and Klamath, Native American concerns, and aviation--especially aviation education. The photographs (1582 folders) are detailed in a database that is searchable in this finding aid.</subfield></datafield><datafield tag="546" ind1=" " ind2=" "><subfield code="a">English</subfield></datafield><datafield tag="650" ind1=" " ind2="0"><subfield code="a">Aeronautics</subfield><subfield code="x">Study and teaching.</subfield></datafield><datafield tag="650" ind1=" " ind2="6"><subfield code="a">Aéronautique</subfield><subfield code="x">Étude et enseignement.</subfield></datafield><datafield tag="650" ind1=" " ind2="7"><subfield code="a">Aeronautics</subfield><subfield code="x">Study and teaching.</subfield><subfield code="2">fast</subfield><subfield code="0">(OCoLC)fst00798394</subfield></datafield><datafield tag="650" ind1=" " ind2="7"><subfield code="a">Politics and government.</subfield><subfield code="2">fast</subfield><subfield code="0">(OCoLC)fst01919741</subfield></datafield><datafield tag="651" ind1=" " ind2="0"><subfield code="a">California, Northern</subfield><subfield code="x">History.</subfield></datafield><datafield tag="651" ind1=" " ind2="0"><subfield code="a">California, Northern</subfield><subfield code="x">Politics and government.</subfield></datafield><datafield tag="651" ind1=" " ind2="0"><subfield code="a">Eel River (Calif.)</subfield></datafield><datafield tag="651" ind1=" " ind2="0"><subfield code="a">King Range National Conservation Area (Calif.)</subfield></datafield><datafield tag="651" ind1=" " ind2="0"><subfield code="a">Klamath River (Or. and Calif.)</subfield></datafield><datafield tag="651" ind1=" " ind2="0"><subfield code="a">Sonoma, Lake (Calif.)</subfield></datafield><datafield tag="651" ind1=" " ind2="0"><subfield code="a">Redwood National Park (Calif.)</subfield><subfield code="x">History.</subfield></datafield><datafield tag="651" ind1=" " ind2="0"><subfield code="a">Russian River (Calif.)</subfield></datafield><datafield tag="651" ind1=" " ind2="0"><subfield code="a">Warm Springs Dam</subfield></datafield><datafield tag="651" ind1=" " ind2="6"><subfield code="a">Californie (Nord)</subfield><subfield code="x">Histoire.</subfield></datafield><datafield tag="651" ind1=" " ind2="6"><subfield code="a">Eel (Calif. : Fleuve)</subfield></datafield><datafield tag="651" ind1=" " ind2="6"><subfield code="a">Klamath (Or. et Calif. : Fleuve)</subfield></datafield><datafield tag="651" ind1=" " ind2="6"><subfield code="a">Redwood National Park (Calif.)</subfield><subfield code="x">Histoire.</subfield></datafield><datafield tag="651" ind1=" " ind2="7"><subfield code="a">California</subfield><subfield code="z">Eel River.</subfield><subfield code="2">fast</subfield><subfield code="0">(OCoLC)fst01243763</subfield><subfield code="1">https://id.oclc.org/worldcat/entity/E39PBJvRWcy8QfpYQvvPg3RxjC</subfield></datafield><datafield tag="651" ind1=" " ind2="7"><subfield code="a">California</subfield><subfield code="z">King Range National Conservation Area.</subfield><subfield code="2">fast</subfield><subfield code="0">(OCoLC)fst01260571</subfield></datafield><datafield tag="651" ind1=" " ind2="7"><subfield code="a">California</subfield><subfield code="z">Lake Sonoma.</subfield><subfield code="2">fast</subfield><subfield code="0">(OCoLC)fst01333888</subfield></datafield><datafield tag="651" ind1=" " ind2="7"><subfield code="a">Northern California.</subfield><subfield code="2">fast</subfield><subfield code="0">(OCoLC)fst01692637</subfield></datafield><datafield tag="651" ind1=" " ind2="7"><subfield code="a">California</subfield><subfield code="z">Redwood National Park.</subfield><subfield code="2">fast</subfield><subfield code="0">(OCoLC)fst01281646</subfield></datafield><datafield tag="651" ind1=" " ind2="7"><subfield code="a">California</subfield><subfield code="z">Russian River.</subfield><subfield code="2">fast</subfield><subfield code="0">(OCoLC)fst01247113</subfield><subfield code="1">https://id.oclc.org/worldcat/entity/E39QbtfRyXv8dhjGHTj3dcYrWc</subfield></datafield><datafield tag="651" ind1=" " ind2="7"><subfield code="a">United States</subfield><subfield code="z">Klamath River.</subfield><subfield code="2">fast</subfield><subfield code="0">(OCoLC)fst01310509</subfield></datafield><datafield tag="600" ind1="1" ind2="0"><subfield code="a">Clausen, Don H.</subfield><subfield code="q">(Don Holst),</subfield><subfield code="d">1923-2015.</subfield></datafield><datafield tag="600" ind1="1" ind2="7"><subfield code="a">Clausen, Don H.</subfield><subfield code="q">(Don Holst),</subfield><subfield code="d">1923-2015.</subfield><subfield code="2">fast</subfield><subfield code="0">(OCoLC)fst01953056</subfield><subfield code="1">https://id.oclc.org/worldcat/entity/E39PBJxht4bfpWt6j37JHCcpT3</subfield></datafield><datafield tag="655" ind1=" " ind2="7"><subfield code="a">History.</subfield><subfield code="2">fast</subfield><subfield code="0">(OCoLC)fst01411628</subfield></datafield><datafield tag="758" ind1=" " ind2=" "><subfield code="i">has work:</subfield><subfield code="a">Clausen (Don) Congressional Papers 1963-2000 (bulk 1963-1983) (Work)</subfield><subfield code="1">https://id.oclc.org/worldcat/entity/E39PCGvkYmKdRfdDTDkjxXvv9C</subfield><subfield code="4">https://id.oclc.org/worldcat/ontology/hasWork</subfield></datafield><datafield tag="856" ind1="4" ind2="1"><subfield code="u">https://specialcollections.humboldt.edu/don-h-clausen-congressional-papers-finding-aid</subfield></datafield><datafield tag="973" ind1="0" ind2=" "><subfield code="a">Finding Aids at Cal Poly Humboldt University</subfield><subfield code="9">LOCAL</subfield></datafield><datafield tag="994" ind1=" " ind2=" "><subfield code="a">92</subfield><subfield code="b">CAC</subfield></datafield><datafield tag="995" ind1=" " ind2=" "><subfield code="a">CSU ongoing load collection</subfield><subfield code="b">2024-02-03</subfield><subfield code="c">WorldCat record variable field(s) change: 758</subfield><subfield code="d">CSU interim load</subfield><subfield code="e">UPDATED</subfield></datafield></record>