<record><leader>02420cpcaa2200409 i 4500</leader><controlfield tag="001">999688645302909</controlfield><controlfield tag="005">20240127213016.0</controlfield><controlfield tag="008">180821nuuuuuuuuxx      o           eng  </controlfield><datafield tag="035" ind1=" " ind2=" "><subfield code="a">(OCoLC)1049156101</subfield></datafield><datafield tag="035" ind1=" " ind2=" "><subfield code="a">(OCoLC)on1049156101</subfield></datafield><datafield tag="035" ind1=" " ind2=" "><subfield code="a">(EXLNZ-01CALS_NETWORK)991069743696602901</subfield></datafield><datafield tag="040" ind1=" " ind2=" "><subfield code="a">CHU</subfield><subfield code="b">eng</subfield><subfield code="e">rda</subfield><subfield code="c">CHU</subfield><subfield code="d">OCLCF</subfield><subfield code="d">OCL</subfield><subfield code="d">OCLCO</subfield><subfield code="d">CHU</subfield><subfield code="d">OCLCQ</subfield><subfield code="d">OCLCO</subfield><subfield code="d">OCLCL</subfield></datafield><datafield tag="043" ind1=" " ind2=" "><subfield code="a">n-us-ca</subfield></datafield><datafield tag="099" ind1=" " ind2="9"><subfield code="a">2013.02</subfield><subfield code="9">local</subfield></datafield><datafield tag="100" ind1="1" ind2=" "><subfield code="a">Carranco, Lynwood,</subfield><subfield code="e">collection creator.</subfield></datafield><datafield tag="245" ind1="1" ind2="0"><subfield code="a">Carranco (Lynwood) Papers :</subfield><subfield code="b">Finding Aid,</subfield><subfield code="f">1850s-2006</subfield><subfield code="g">(bulk 1960s-1980s).</subfield></datafield><datafield tag="300" ind1=" " ind2=" "><subfield code="a">10.5 cubic ft., 11 boxes</subfield></datafield><datafield tag="336" ind1=" " ind2=" "><subfield code="a">text</subfield><subfield code="b">txt</subfield><subfield code="2">rdacontent</subfield></datafield><datafield tag="337" ind1=" " ind2=" "><subfield code="a">computer</subfield><subfield code="b">c</subfield><subfield code="2">rdamedia</subfield></datafield><datafield tag="338" ind1=" " ind2=" "><subfield code="a">online resource</subfield><subfield code="b">cr</subfield><subfield code="2">rdacarrier</subfield></datafield><datafield tag="520" ind1="3" ind2=" "><subfield code="a">Lynwood (Links) Carranco (April 2, 1921-July 1, 1987) was born in Samoa, California, a company town owned by Hammond Lumber, and worked in the mills as a young man. He became a teacher, historian and meticulous researcher, writing on the history of his native Humboldt County and northwestern California, especially logging history. His papers reflect the subject matter of his historical writings. For an introductory guide to the content of Carranco's papers, see the two bibliographies of his published works.</subfield></datafield><datafield tag="650" ind1=" " ind2="0"><subfield code="a">Shipwrecks.</subfield></datafield><datafield tag="650" ind1=" " ind2="0"><subfield code="a">Yuki Indians</subfield><subfield code="z">California</subfield><subfield code="z">Round Valley</subfield><subfield code="x">History.</subfield></datafield><datafield tag="650" ind1=" " ind2="6"><subfield code="a">Naufrages.</subfield></datafield><datafield tag="650" ind1=" " ind2="7"><subfield code="a">shipwrecks.</subfield><subfield code="2">aat</subfield></datafield><datafield tag="650" ind1=" " ind2="7"><subfield code="a">Shipwrecks.</subfield><subfield code="2">fast</subfield><subfield code="0">(OCoLC)fst01116638</subfield></datafield><datafield tag="650" ind1=" " ind2="7"><subfield code="a">Yuki Indians.</subfield><subfield code="2">fast</subfield><subfield code="0">(OCoLC)fst01183866</subfield></datafield><datafield tag="651" ind1=" " ind2="0"><subfield code="a">Samoa (Calif.)</subfield><subfield code="x">History.</subfield></datafield><datafield tag="651" ind1=" " ind2="0"><subfield code="a">Humboldt County (Calif.)</subfield><subfield code="x">History.</subfield></datafield><datafield tag="651" ind1=" " ind2="7"><subfield code="a">California</subfield><subfield code="z">Humboldt County.</subfield><subfield code="2">fast</subfield><subfield code="0">(OCoLC)fst01214282</subfield><subfield code="1">https://id.oclc.org/worldcat/entity/E39PBJj4xJB7k34yxdjP6xRdwC</subfield></datafield><datafield tag="651" ind1=" " ind2="7"><subfield code="a">California</subfield><subfield code="z">Round Valley.</subfield><subfield code="2">fast</subfield><subfield code="0">(OCoLC)fst01241670</subfield></datafield><datafield tag="651" ind1=" " ind2="7"><subfield code="a">California</subfield><subfield code="z">Samoa.</subfield><subfield code="2">fast</subfield><subfield code="0">(OCoLC)fst01254156</subfield><subfield code="1">https://id.oclc.org/worldcat/entity/E39PBJcrb8CQrrwYBVMpjX8t8C</subfield></datafield><datafield tag="600" ind1="1" ind2="0"><subfield code="a">Kinman, Seth,</subfield><subfield code="d">1815-1888.</subfield></datafield><datafield tag="600" ind1="1" ind2="7"><subfield code="a">Kinman, Seth,</subfield><subfield code="d">1815-1888</subfield><subfield code="2">fast</subfield><subfield code="0">(OCoLC)fst02009610</subfield></datafield><datafield tag="655" ind1=" " ind2="7"><subfield code="a">History.</subfield><subfield code="2">fast</subfield><subfield code="0">(OCoLC)fst01411628</subfield></datafield><datafield tag="758" ind1=" " ind2=" "><subfield code="i">has work:</subfield><subfield code="a">(bulk 1960s-1980s) Carranco (Lynwood) Papers 1850s-2006 (Work)</subfield><subfield code="1">https://id.oclc.org/worldcat/entity/E39PCGvh9PT3KVbqtJtcYK6Bj3</subfield><subfield code="4">https://id.oclc.org/worldcat/ontology/hasWork</subfield></datafield><datafield tag="856" ind1="4" ind2="1"><subfield code="u">https://specialcollections.humboldt.edu/carranco-lynwood-papers-finding-aid</subfield></datafield><datafield tag="973" ind1="0" ind2=" "><subfield code="a">Finding Aids at Cal Poly Humboldt University</subfield><subfield code="9">LOCAL</subfield></datafield><datafield tag="994" ind1=" " ind2=" "><subfield code="a">92</subfield><subfield code="b">CAC</subfield></datafield><datafield tag="995" ind1=" " ind2=" "><subfield code="a">CSU ongoing load collection</subfield><subfield code="b">2024-01-27</subfield><subfield code="c">WorldCat record variable field(s) change: 758</subfield><subfield code="d">CSU interim load</subfield><subfield code="e">UPDATED</subfield></datafield></record>