<record><leader>01669cpcaa2200313 i 4500</leader><controlfield tag="001">999688645402909</controlfield><controlfield tag="005">20220222213023.0</controlfield><controlfield tag="008">180821s1966    xx      o           eng  </controlfield><datafield tag="035" ind1=" " ind2=" "><subfield code="a">(OCoLC)1049156146</subfield></datafield><datafield tag="035" ind1=" " ind2=" "><subfield code="a">(OCoLC)on1049156146</subfield></datafield><datafield tag="035" ind1=" " ind2=" "><subfield code="a">(EXLNZ-01CALS_NETWORK)991069743696802901</subfield></datafield><datafield tag="040" ind1=" " ind2=" "><subfield code="a">CHU</subfield><subfield code="b">eng</subfield><subfield code="e">rda</subfield><subfield code="c">CHU</subfield><subfield code="d">OCLCF</subfield><subfield code="d">CHU</subfield><subfield code="d">OCLCQ</subfield></datafield><datafield tag="043" ind1=" " ind2=" "><subfield code="a">n-us-ca</subfield></datafield><datafield tag="099" ind1=" " ind2="9"><subfield code="a">2005.01</subfield><subfield code="9">local</subfield></datafield><datafield tag="100" ind1="3" ind2=" "><subfield code="a">Gordon and Billie Mason,</subfield><subfield code="e">collection creator.</subfield></datafield><datafield tag="245" ind1="1" ind2="0"><subfield code="a">Butler Valley Dam Collection :</subfield><subfield code="b">Finding Aid,</subfield><subfield code="f">1966-1973.</subfield></datafield><datafield tag="264" ind1=" " ind2="0"><subfield code="c">1966-1973</subfield></datafield><datafield tag="300" ind1=" " ind2=" "><subfield code="a">.3 cubic ft.</subfield></datafield><datafield tag="336" ind1=" " ind2=" "><subfield code="a">text</subfield><subfield code="b">txt</subfield><subfield code="2">rdacontent</subfield></datafield><datafield tag="337" ind1=" " ind2=" "><subfield code="a">computer</subfield><subfield code="b">c</subfield><subfield code="2">rdamedia</subfield></datafield><datafield tag="338" ind1=" " ind2=" "><subfield code="a">online resource</subfield><subfield code="b">cr</subfield><subfield code="2">rdacarrier</subfield></datafield><datafield tag="520" ind1="3" ind2=" "><subfield code="a">In the 1960s the Army Corps of Engineers proposed damming the Mad River in Humboldt County, California. The dam would have flooded the Butler Valley/Maple Creek area and impacted the middle Mad River watershed. Within the affected area Gordon and Billie Mason owned property that straddled the river. The collection is an assortment of reports, correspondence, articles, and news clippings that describe the project and the reaction from the community. The dam was never built.</subfield></datafield><datafield tag="546" ind1=" " ind2=" "><subfield code="a">English</subfield></datafield><datafield tag="651" ind1=" " ind2="0"><subfield code="a">Mad River (Calif.)</subfield></datafield><datafield tag="651" ind1=" " ind2="0"><subfield code="a">Humboldt County (Calif.)</subfield><subfield code="x">History.</subfield></datafield><datafield tag="651" ind1=" " ind2="7"><subfield code="a">California</subfield><subfield code="z">Humboldt County.</subfield><subfield code="2">fast</subfield><subfield code="0">(OCoLC)fst01214282</subfield></datafield><datafield tag="651" ind1=" " ind2="7"><subfield code="a">California</subfield><subfield code="z">Mad River.</subfield><subfield code="2">fast</subfield><subfield code="0">(OCoLC)fst01242304</subfield></datafield><datafield tag="655" ind1=" " ind2="7"><subfield code="a">History.</subfield><subfield code="2">fast</subfield><subfield code="0">(OCoLC)fst01411628</subfield></datafield><datafield tag="856" ind1="4" ind2="1"><subfield code="u">https://specialcollections.humboldt.edu/butler-valley-dam-collection-finding-aid</subfield></datafield><datafield tag="973" ind1="0" ind2=" "><subfield code="a">Finding Aids at Cal Poly Humboldt University</subfield><subfield code="9">LOCAL</subfield></datafield><datafield tag="994" ind1=" " ind2=" "><subfield code="a">92</subfield><subfield code="b">CAC</subfield></datafield><datafield tag="995" ind1=" " ind2=" "><subfield code="a">CSU ongoing load collection</subfield><subfield code="b">2022-02-22</subfield><subfield code="c">WorldCat record encoding level change - WorldCat record variable field(s) change: 043, 300, 856</subfield><subfield code="d">CSU interim load</subfield><subfield code="e">UPDATED</subfield></datafield></record>