<record><leader>02404cpcaa2200445 i 4500</leader><controlfield tag="001">999688645502909</controlfield><controlfield tag="005">20230526213015.0</controlfield><controlfield tag="008">180821nuuuuuuuuxx      o           eng  </controlfield><datafield tag="035" ind1=" " ind2=" "><subfield code="a">(OCoLC)1049155458</subfield></datafield><datafield tag="035" ind1=" " ind2=" "><subfield code="a">(OCoLC)on1049155458</subfield></datafield><datafield tag="035" ind1=" " ind2=" "><subfield code="a">(EXLNZ-01CALS_NETWORK)991069743696902901</subfield></datafield><datafield tag="040" ind1=" " ind2=" "><subfield code="a">CHU</subfield><subfield code="b">eng</subfield><subfield code="e">rda</subfield><subfield code="c">CHU</subfield><subfield code="d">OCLCF</subfield><subfield code="d">OCL</subfield><subfield code="d">CHU</subfield><subfield code="d">OCLCQ</subfield><subfield code="d">OCLCO</subfield><subfield code="d">OCLCA</subfield></datafield><datafield tag="043" ind1=" " ind2=" "><subfield code="a">n-us-ca</subfield></datafield><datafield tag="099" ind1=" " ind2="9"><subfield code="a">2001.04</subfield><subfield code="9">local</subfield></datafield><datafield tag="100" ind1="1" ind2=" "><subfield code="a">Buckley, Thomas (Tim) C. T. (1942- ),</subfield><subfield code="e">collection creator.</subfield></datafield><datafield tag="245" ind1="1" ind2="0"><subfield code="a">Buckley (Thomas) Collection :</subfield><subfield code="b">Finding Aid,</subfield><subfield code="f">1880-2009</subfield><subfield code="g">(bulk 1976-2002).</subfield></datafield><datafield tag="300" ind1=" " ind2=" "><subfield code="a">6 cubic ft., 8 boxes</subfield></datafield><datafield tag="336" ind1=" " ind2=" "><subfield code="a">text</subfield><subfield code="b">txt</subfield><subfield code="2">rdacontent</subfield></datafield><datafield tag="337" ind1=" " ind2=" "><subfield code="a">computer</subfield><subfield code="b">c</subfield><subfield code="2">rdamedia</subfield></datafield><datafield tag="338" ind1=" " ind2=" "><subfield code="a">online resource</subfield><subfield code="b">cr</subfield><subfield code="2">rdacarrier</subfield></datafield><datafield tag="520" ind1="3" ind2=" "><subfield code="a">Thomas (Tim) Buckley, professor of anthropology and American Studies at University of Massachusetts, Boston (1980-2000), had a primary research interest in the Yurok Indians of northwestern California, beginning with his graduate work (1977, 1982) and culminating in the 2002 publication of Standing Ground: Yurok Indian Spirituality, 1850-1990. His papers include published and manuscript materials related to these publications, to the Gasquet-Orleans (G-O) Road (Lyng v. NICPA) in the 1970s-80s, northwestern California environmental issues, land claims issues, fishing rights, Yurok traditional law, culture, language, and tribal government.</subfield></datafield><datafield tag="546" ind1=" " ind2=" "><subfield code="a">English and Yurok</subfield></datafield><datafield tag="650" ind1=" " ind2="0"><subfield code="a">Yurok Indians</subfield><subfield code="z">California, Northern</subfield><subfield code="x">History.</subfield></datafield><datafield tag="650" ind1=" " ind2="0"><subfield code="a">Yurok Indians</subfield><subfield code="z">California, Northern</subfield><subfield code="x">Social life and customs.</subfield></datafield><datafield tag="650" ind1=" " ind2="0"><subfield code="a">Yurok Indians</subfield><subfield code="x">History.</subfield></datafield><datafield tag="650" ind1=" " ind2="0"><subfield code="a">Yurok Indians</subfield><subfield code="x">Religion.</subfield></datafield><datafield tag="650" ind1=" " ind2="0"><subfield code="a">Yurok Indians</subfield><subfield code="x">Social life and customs.</subfield></datafield><datafield tag="650" ind1=" " ind2="0"><subfield code="a">Yurok Indians.</subfield></datafield><datafield tag="650" ind1=" " ind2="6"><subfield code="a">Yurok</subfield><subfield code="z">Californie (Nord)</subfield><subfield code="x">Histoire.</subfield></datafield><datafield tag="650" ind1=" " ind2="6"><subfield code="a">Yurok</subfield><subfield code="z">Californie (Nord)</subfield><subfield code="x">Mœurs et coutumes.</subfield></datafield><datafield tag="650" ind1=" " ind2="6"><subfield code="a">Yurok</subfield><subfield code="x">Histoire.</subfield></datafield><datafield tag="650" ind1=" " ind2="6"><subfield code="a">Yurok</subfield><subfield code="x">Religion.</subfield></datafield><datafield tag="650" ind1=" " ind2="6"><subfield code="a">Yurok</subfield><subfield code="x">Mœurs et coutumes.</subfield></datafield><datafield tag="650" ind1=" " ind2="6"><subfield code="a">Yurok.</subfield></datafield><datafield tag="650" ind1=" " ind2="7"><subfield code="a">Yurok Indians.</subfield><subfield code="2">fast</subfield><subfield code="0">(OCoLC)fst01183936</subfield></datafield><datafield tag="650" ind1=" " ind2="7"><subfield code="a">Yurok Indians</subfield><subfield code="x">Social life and customs.</subfield><subfield code="2">fast</subfield><subfield code="0">(OCoLC)fst01183939</subfield></datafield><datafield tag="651" ind1=" " ind2="0"><subfield code="a">Gasquet Ranger District (Calif.)</subfield></datafield><datafield tag="651" ind1=" " ind2="7"><subfield code="a">Northern California.</subfield><subfield code="2">fast</subfield><subfield code="0">(OCoLC)fst01692637</subfield></datafield><datafield tag="655" ind1=" " ind2="7"><subfield code="a">History.</subfield><subfield code="2">fast</subfield><subfield code="0">(OCoLC)fst01411628</subfield></datafield><datafield tag="856" ind1="4" ind2="1"><subfield code="u">https://specialcollections.humboldt.edu/thomas-buckley-papers-finding-aid</subfield></datafield><datafield tag="973" ind1="0" ind2=" "><subfield code="a">Finding Aids at Cal Poly Humboldt University</subfield><subfield code="9">LOCAL</subfield></datafield><datafield tag="994" ind1=" " ind2=" "><subfield code="a">92</subfield><subfield code="b">CAC</subfield></datafield><datafield tag="995" ind1=" " ind2=" "><subfield code="a">CSU ongoing load collection</subfield><subfield code="b">2023-05-26</subfield><subfield code="c">WorldCat record variable field(s) change: 650</subfield><subfield code="d">CSU interim load</subfield><subfield code="e">UPDATED</subfield></datafield></record>