<record><leader>03058cpcaa2200481 i 4500</leader><controlfield tag="001">999688645602909</controlfield><controlfield tag="005">20241018213017.0</controlfield><controlfield tag="008">180821nuuuuuuuuxx      o           eng  </controlfield><datafield tag="035" ind1=" " ind2=" "><subfield code="a">(OCoLC)1049156111</subfield></datafield><datafield tag="035" ind1=" " ind2=" "><subfield code="a">(OCoLC)on1049156111</subfield></datafield><datafield tag="035" ind1=" " ind2=" "><subfield code="a">(EXLNZ-01CALS_NETWORK)991069743697002901</subfield></datafield><datafield tag="040" ind1=" " ind2=" "><subfield code="a">CHU</subfield><subfield code="b">eng</subfield><subfield code="e">rda</subfield><subfield code="c">CHU</subfield><subfield code="d">OCLCF</subfield><subfield code="d">CHU</subfield><subfield code="d">OCLCQ</subfield><subfield code="d">OCLCO</subfield><subfield code="d">OCLCA</subfield><subfield code="d">OCLCL</subfield><subfield code="d">OCLCO</subfield></datafield><datafield tag="043" ind1=" " ind2=" "><subfield code="a">n-us-ca</subfield></datafield><datafield tag="099" ind1=" " ind2="9"><subfield code="a">1999.03</subfield><subfield code="9">local</subfield></datafield><datafield tag="100" ind1="3" ind2=" "><subfield code="a">Katie and William Boyle,</subfield><subfield code="e">collection creator.</subfield></datafield><datafield tag="245" ind1="1" ind2="0"><subfield code="a">Boyle Photograph Collection :</subfield><subfield code="b">Finding Aid,</subfield><subfield code="f">1900s-1990s</subfield><subfield code="g">(bulk 1910s-1970s).</subfield></datafield><datafield tag="300" ind1=" " ind2=" "><subfield code="a">approximately 3000 photographic negatives; 1795 online images</subfield></datafield><datafield tag="336" ind1=" " ind2=" "><subfield code="a">text</subfield><subfield code="b">txt</subfield><subfield code="2">rdacontent</subfield></datafield><datafield tag="337" ind1=" " ind2=" "><subfield code="a">computer</subfield><subfield code="b">c</subfield><subfield code="2">rdamedia</subfield></datafield><datafield tag="338" ind1=" " ind2=" "><subfield code="a">online resource</subfield><subfield code="b">cr</subfield><subfield code="2">rdacarrier</subfield></datafield><datafield tag="520" ind1="3" ind2=" "><subfield code="a">The Boyle Photograph Collection consists of photographic negatives taken by Katie and William Boyle of the Trinidad, Moonstone, Crannell and Westhaven areas of Humboldt County, California from 1966 through the early 1990s. As a school teacher in Trinidad, Katie photographed local historical photo collections covering the area's history, including local Indians, whaling, lighthouse keepers, schools, lumbering and transportation. In addition, she photographed contemporary local events such as the Trinidad bicentennial celebration and the Clam Beach Run. Her husband Bill worked for Hammond Lumber Company in Crannell, later Georgia Pacific, and took many photos documenting logging operations and practices as they existed in the 1960s and 1970s. A unique feature of the collection is the multiple re-photographing of views previously recorded by other photographers since Katie was particularly interested in documenting landscape change over time.</subfield></datafield><datafield tag="546" ind1=" " ind2=" "><subfield code="a">English</subfield></datafield><datafield tag="650" ind1=" " ind2="0"><subfield code="a">Forests and forestry.</subfield><subfield code="0">http://id.loc.gov/authorities/subjects/sh85050707</subfield></datafield><datafield tag="650" ind1=" " ind2="0"><subfield code="a">Lighthouses.</subfield><subfield code="0">http://id.loc.gov/authorities/subjects/sh85076918</subfield></datafield><datafield tag="650" ind1=" " ind2="0"><subfield code="a">Lumbering.</subfield><subfield code="0">http://id.loc.gov/authorities/subjects/sh85078820</subfield></datafield><datafield tag="650" ind1=" " ind2="0"><subfield code="a">Whaling.</subfield><subfield code="0">http://id.loc.gov/authorities/subjects/sh85146357</subfield></datafield><datafield tag="650" ind1=" " ind2="0"><subfield code="a">Yurok Indians.</subfield><subfield code="0">http://id.loc.gov/authorities/subjects/sh85149522</subfield></datafield><datafield tag="650" ind1=" " ind2="6"><subfield code="a">Phares.</subfield></datafield><datafield tag="650" ind1=" " ind2="6"><subfield code="a">Forêts</subfield><subfield code="x">Exploitation.</subfield></datafield><datafield tag="650" ind1=" " ind2="6"><subfield code="a">Baleines</subfield><subfield code="x">Chasse.</subfield></datafield><datafield tag="650" ind1=" " ind2="6"><subfield code="a">Yurok.</subfield></datafield><datafield tag="650" ind1=" " ind2="7"><subfield code="a">lighthouses.</subfield><subfield code="2">aat</subfield></datafield><datafield tag="650" ind1=" " ind2="7"><subfield code="a">Forests and forestry</subfield><subfield code="2">fast</subfield></datafield><datafield tag="650" ind1=" " ind2="7"><subfield code="a">Lighthouses</subfield><subfield code="2">fast</subfield></datafield><datafield tag="650" ind1=" " ind2="7"><subfield code="a">Lumbering</subfield><subfield code="2">fast</subfield></datafield><datafield tag="650" ind1=" " ind2="7"><subfield code="a">Whaling</subfield><subfield code="2">fast</subfield></datafield><datafield tag="650" ind1=" " ind2="7"><subfield code="a">Yurok Indians</subfield><subfield code="2">fast</subfield></datafield><datafield tag="651" ind1=" " ind2="0"><subfield code="a">Crannell (Calif.)</subfield></datafield><datafield tag="651" ind1=" " ind2="0"><subfield code="a">Trinidad (Calif.)</subfield><subfield code="0">http://id.loc.gov/authorities/names/n82019033</subfield></datafield><datafield tag="651" ind1=" " ind2="7"><subfield code="a">California</subfield><subfield code="z">Trinidad</subfield><subfield code="2">fast</subfield><subfield code="1">https://id.oclc.org/worldcat/entity/E39PBJfX4tYbMBy9QXbKTXYMfq</subfield></datafield><datafield tag="610" ind1="2" ind2="0"><subfield code="a">Hammond Lumber Company.</subfield><subfield code="0">http://id.loc.gov/authorities/names/n2004072047</subfield></datafield><datafield tag="610" ind1="2" ind2="7"><subfield code="a">Hammond Lumber Company</subfield><subfield code="2">fast</subfield><subfield code="1">https://id.oclc.org/worldcat/entity/E39QH7Jmq9J6v4Vj6hqtX4HGB6</subfield></datafield><datafield tag="856" ind1="4" ind2="1"><subfield code="u">https://specialcollections.humboldt.edu/boyle-photograph-collection-finding-aid</subfield></datafield><datafield tag="973" ind1="0" ind2=" "><subfield code="a">Finding Aids at Cal Poly Humboldt University</subfield><subfield code="9">LOCAL</subfield></datafield><datafield tag="994" ind1=" " ind2=" "><subfield code="a">92</subfield><subfield code="b">CAC</subfield></datafield><datafield tag="995" ind1=" " ind2=" "><subfield code="a">CSU ongoing load collection</subfield><subfield code="b">2024-10-18</subfield><subfield code="c">WorldCat record variable field(s) change: 610, 650, 651</subfield><subfield code="d">CSU interim load</subfield><subfield code="e">UPDATED</subfield></datafield></record>