<record><leader>01752cpcaa2200313 i 4500</leader><controlfield tag="001">999688645702909</controlfield><controlfield tag="005">20241031213017.0</controlfield><controlfield tag="008">180821nuuuuuuuuxx      o           eng  </controlfield><datafield tag="035" ind1=" " ind2=" "><subfield code="a">(OCoLC)1049155948</subfield></datafield><datafield tag="035" ind1=" " ind2=" "><subfield code="a">(OCoLC)on1049155948</subfield></datafield><datafield tag="035" ind1=" " ind2=" "><subfield code="a">(EXLNZ-01CALS_NETWORK)991069743697202901</subfield></datafield><datafield tag="040" ind1=" " ind2=" "><subfield code="a">CHU</subfield><subfield code="b">eng</subfield><subfield code="e">rda</subfield><subfield code="c">CHU</subfield><subfield code="d">OCLCF</subfield><subfield code="d">CHU</subfield><subfield code="d">OCLCQ</subfield><subfield code="d">OCLCO</subfield><subfield code="d">OCLCL</subfield><subfield code="d">OCLCO</subfield><subfield code="d">OCLCQ</subfield></datafield><datafield tag="043" ind1=" " ind2=" "><subfield code="a">n-us-ca</subfield></datafield><datafield tag="100" ind1="1" ind2=" "><subfield code="a">Bloom, Charles,</subfield><subfield code="e">collection creator.</subfield></datafield><datafield tag="245" ind1="1" ind2="0"><subfield code="a">Bloom (Charles) Slide Collection :</subfield><subfield code="b">Finding Aid,</subfield><subfield code="f">1952-1989</subfield><subfield code="g">(bulk 1960s-1970s).</subfield></datafield><datafield tag="300" ind1=" " ind2=" "><subfield code="a">approximately 6,900 slides (3 cubic ft.)</subfield></datafield><datafield tag="336" ind1=" " ind2=" "><subfield code="a">text</subfield><subfield code="b">txt</subfield><subfield code="2">rdacontent</subfield></datafield><datafield tag="337" ind1=" " ind2=" "><subfield code="a">computer</subfield><subfield code="b">c</subfield><subfield code="2">rdamedia</subfield></datafield><datafield tag="338" ind1=" " ind2=" "><subfield code="a">online resource</subfield><subfield code="b">cr</subfield><subfield code="2">rdacarrier</subfield></datafield><datafield tag="520" ind1="3" ind2=" "><subfield code="a">Charles Bloom was a librarian at Humboldt State University from 1952 until 1983 when he retired. The Charles Bloom Slide Collection consists of photographic slides he took while in northwestern California or traveling. His role as Faculty Advisor for the Boot and Blister Club, as well as an interest in conservation and the natural resources, led him to make extensive photo-documentation of his trips.</subfield></datafield><datafield tag="546" ind1=" " ind2=" "><subfield code="a">English</subfield></datafield><datafield tag="651" ind1=" " ind2="0"><subfield code="a">Humboldt County (Calif.)</subfield><subfield code="x">History</subfield><subfield code="v">Pictorial works.</subfield></datafield><datafield tag="651" ind1=" " ind2="7"><subfield code="a">California</subfield><subfield code="z">Humboldt County</subfield><subfield code="2">fast</subfield><subfield code="1">https://id.oclc.org/worldcat/entity/E39PBJj4xJB7k34yxdjP6xRdwC</subfield></datafield><datafield tag="610" ind1="2" ind2="0"><subfield code="a">Humboldt State University</subfield><subfield code="x">History</subfield><subfield code="v">Pictorial works.</subfield></datafield><datafield tag="610" ind1="2" ind2="7"><subfield code="a">Humboldt State University</subfield><subfield code="2">fast</subfield><subfield code="1">https://id.oclc.org/worldcat/entity/E39QH7JmqkDrRVDh9vKCVMX4kt</subfield></datafield><datafield tag="655" ind1=" " ind2="7"><subfield code="a">History</subfield><subfield code="2">fast</subfield></datafield><datafield tag="655" ind1=" " ind2="7"><subfield code="a">Illustrated works</subfield><subfield code="2">fast</subfield></datafield><datafield tag="856" ind1="4" ind2="1"><subfield code="u">https://specialcollections.humboldt.edu/charles-bloom-slide-collection-finding-aid</subfield></datafield><datafield tag="973" ind1="0" ind2=" "><subfield code="a">Finding Aids at Cal Poly Humboldt University</subfield><subfield code="9">LOCAL</subfield></datafield><datafield tag="994" ind1=" " ind2=" "><subfield code="a">92</subfield><subfield code="b">CAC</subfield></datafield><datafield tag="995" ind1=" " ind2=" "><subfield code="a">CSU ongoing load collection</subfield><subfield code="b">2024-10-31</subfield><subfield code="c">WorldCat record variable field(s) change: 655</subfield><subfield code="d">CSU interim load</subfield><subfield code="e">UPDATED</subfield></datafield></record>