<record><leader>01534cpcaa2200289 i 4500</leader><controlfield tag="001">999688645802909</controlfield><controlfield tag="005">20220222213023.0</controlfield><controlfield tag="008">180821nuuuuuuuuxx      o           eng  </controlfield><datafield tag="035" ind1=" " ind2=" "><subfield code="a">(OCoLC)1049156097</subfield></datafield><datafield tag="035" ind1=" " ind2=" "><subfield code="a">(OCoLC)on1049156097</subfield></datafield><datafield tag="035" ind1=" " ind2=" "><subfield code="a">(EXLNZ-01CALS_NETWORK)991069743697402901</subfield></datafield><datafield tag="040" ind1=" " ind2=" "><subfield code="a">CHU</subfield><subfield code="b">eng</subfield><subfield code="e">rda</subfield><subfield code="c">CHU</subfield><subfield code="d">OCLCF</subfield><subfield code="d">CHU</subfield><subfield code="d">OCLCQ</subfield></datafield><datafield tag="043" ind1=" " ind2=" "><subfield code="a">n-us-ca</subfield></datafield><datafield tag="099" ind1=" " ind2="9"><subfield code="a">1999.19</subfield><subfield code="9">local</subfield></datafield><datafield tag="100" ind1="3" ind2=" "><subfield code="a">Balke family,</subfield><subfield code="e">collection creator.</subfield></datafield><datafield tag="245" ind1="1" ind2="0"><subfield code="a">Balke Collection :</subfield><subfield code="b">Finding Aid,</subfield><subfield code="f">1906-1963.</subfield></datafield><datafield tag="300" ind1=" " ind2=" "><subfield code="a">2 cubic ft.</subfield></datafield><datafield tag="336" ind1=" " ind2=" "><subfield code="a">text</subfield><subfield code="b">txt</subfield><subfield code="2">rdacontent</subfield></datafield><datafield tag="337" ind1=" " ind2=" "><subfield code="a">computer</subfield><subfield code="b">c</subfield><subfield code="2">rdamedia</subfield></datafield><datafield tag="338" ind1=" " ind2=" "><subfield code="a">online resource</subfield><subfield code="b">cr</subfield><subfield code="2">rdacarrier</subfield></datafield><datafield tag="520" ind1="3" ind2=" "><subfield code="a">The collection includes materials pertaining to the company town of the Little River Redwood Company, called first Bulwinkle, then Crannell. There is a ledger book, No. 1, L.R.R. Co., with entries as early as 1906, Index to the Affidavits of Registration for the voter precincts of Little River (1912, 1914, 1922, 1926) and Crannell (1944, 1946) and minutes books of the Crannell Womens Club (1920-21, 1922-28, 1939-43, 1949-51.) Additionally, there is a scrapbook about the Happy Planters Club (1956-63).</subfield></datafield><datafield tag="546" ind1=" " ind2=" "><subfield code="a">English</subfield></datafield><datafield tag="650" ind1=" " ind2="0"><subfield code="a">Company towns.</subfield></datafield><datafield tag="650" ind1=" " ind2="7"><subfield code="a">Company towns.</subfield><subfield code="2">fast</subfield><subfield code="0">(OCoLC)fst00871307</subfield></datafield><datafield tag="651" ind1=" " ind2="0"><subfield code="a">Crannell (Calif.)</subfield></datafield><datafield tag="610" ind1="2" ind2="0"><subfield code="a">Little River Redwood Company</subfield></datafield><datafield tag="856" ind1="4" ind2="1"><subfield code="u">https://specialcollections.humboldt.edu/balke-collection-finding-aid</subfield></datafield><datafield tag="973" ind1="0" ind2=" "><subfield code="a">Finding Aids at Cal Poly Humboldt University</subfield><subfield code="9">local</subfield></datafield><datafield tag="994" ind1=" " ind2=" "><subfield code="a">92</subfield><subfield code="b">CAC</subfield></datafield><datafield tag="995" ind1=" " ind2=" "><subfield code="a">CSU ongoing load collection</subfield><subfield code="b">2022-02-22</subfield><subfield code="c">WorldCat record encoding level change - WorldCat record variable field(s) change: 043, 300, 520, 856</subfield><subfield code="d">CSU interim load</subfield><subfield code="e">UPDATED</subfield></datafield></record>