<record><leader>02265cpcaa2200325 i 4500</leader><controlfield tag="001">999688645902909</controlfield><controlfield tag="005">20220222213023.0</controlfield><controlfield tag="008">180821nuuuuuuuuxx      o           eng  </controlfield><datafield tag="035" ind1=" " ind2=" "><subfield code="a">(OCoLC)1049156076</subfield></datafield><datafield tag="035" ind1=" " ind2=" "><subfield code="a">(OCoLC)on1049156076</subfield></datafield><datafield tag="035" ind1=" " ind2=" "><subfield code="a">(EXLNZ-01CALS_NETWORK)991069743697702901</subfield></datafield><datafield tag="040" ind1=" " ind2=" "><subfield code="a">CHU</subfield><subfield code="b">eng</subfield><subfield code="e">rda</subfield><subfield code="c">CHU</subfield><subfield code="d">OCLCF</subfield><subfield code="d">CHU</subfield><subfield code="d">OCLCQ</subfield></datafield><datafield tag="043" ind1=" " ind2=" "><subfield code="a">n-us-ca</subfield></datafield><datafield tag="099" ind1=" " ind2="9"><subfield code="a">2012.05</subfield><subfield code="9">local</subfield></datafield><datafield tag="245" ind1="0" ind2="0"><subfield code="a">Arcata Historical Resources Survey 2012 :</subfield><subfield code="b">Finding Aid,</subfield><subfield code="f">1850s-2012</subfield><subfield code="g">(bulk 1970-2012).</subfield></datafield><datafield tag="300" ind1=" " ind2=" "><subfield code="a">1 External hard drive; 32.4 Gigabytes; 3,697 Files</subfield></datafield><datafield tag="336" ind1=" " ind2=" "><subfield code="a">text</subfield><subfield code="b">txt</subfield><subfield code="2">rdacontent</subfield></datafield><datafield tag="337" ind1=" " ind2=" "><subfield code="a">computer</subfield><subfield code="b">c</subfield><subfield code="2">rdamedia</subfield></datafield><datafield tag="338" ind1=" " ind2=" "><subfield code="a">online resource</subfield><subfield code="b">cr</subfield><subfield code="2">rdacarrier</subfield></datafield><datafield tag="520" ind1="3" ind2=" "><subfield code="a">The Historical Resources Survey 2012 Collection was donated by the Historical Sites Society of Arcata (HSSA). The City of Arcata contracted with Suzanne Guerra, Guerra &amp; McBane LLC, to conduct the cultural resources survey, produce a historical context for Arcata, an architectural style guide, and training materials to assist staff and volunteers in recording historic buildings and structures. The study would focus on the East Arcata-Bay View neighborhood with a preliminary assessment of the planned community of Sunny Brae. The HSSA provided access to their major collection of photographs, additional research materials on historic properties and local architecture, volunteers, database software and iPad computer hardware. Additional research was conducted in Special Collections, Humboldt State University Library, the Humboldt County Historical Society and the Humboldt County Library, and in personal collections when appropriate.</subfield></datafield><datafield tag="546" ind1=" " ind2=" "><subfield code="a">English</subfield></datafield><datafield tag="650" ind1=" " ind2="0"><subfield code="a">City planning</subfield><subfield code="z">California</subfield><subfield code="z">Arcata.</subfield></datafield><datafield tag="650" ind1=" " ind2="7"><subfield code="a">City planning.</subfield><subfield code="2">fast</subfield><subfield code="0">(OCoLC)fst00862177</subfield></datafield><datafield tag="651" ind1=" " ind2="0"><subfield code="a">Arcata (Calif.)</subfield><subfield code="x">History.</subfield></datafield><datafield tag="651" ind1=" " ind2="0"><subfield code="a">Sunny Brae (Arcata, Calif.)</subfield></datafield><datafield tag="651" ind1=" " ind2="0"><subfield code="a">Arcata (Calif.)</subfield></datafield><datafield tag="651" ind1=" " ind2="7"><subfield code="a">California</subfield><subfield code="z">Arcata.</subfield><subfield code="2">fast</subfield><subfield code="0">(OCoLC)fst01202811</subfield></datafield><datafield tag="651" ind1=" " ind2="7"><subfield code="a">California</subfield><subfield code="z">Arcata</subfield><subfield code="z">Sunny Brae.</subfield><subfield code="2">fast</subfield><subfield code="0">(OCoLC)fst01327577</subfield></datafield><datafield tag="655" ind1=" " ind2="7"><subfield code="a">History.</subfield><subfield code="2">fast</subfield><subfield code="0">(OCoLC)fst01411628</subfield></datafield><datafield tag="856" ind1="4" ind2="1"><subfield code="u">https://specialcollections.humboldt.edu/arcata-historical-resources-survey-2012-finding-aid</subfield></datafield><datafield tag="973" ind1="0" ind2=" "><subfield code="a">Finding Aids at Cal Poly Humboldt University</subfield><subfield code="9">LOCAL</subfield></datafield><datafield tag="994" ind1=" " ind2=" "><subfield code="a">92</subfield><subfield code="b">CAC</subfield></datafield><datafield tag="995" ind1=" " ind2=" "><subfield code="a">CSU ongoing load collection</subfield><subfield code="b">2022-02-22</subfield><subfield code="c">WorldCat record encoding level change - WorldCat record variable field(s) change: 043, 520, 856</subfield><subfield code="d">CSU interim load</subfield><subfield code="e">UPDATED</subfield></datafield></record>