<record><leader>01972cpcaa2200313 i 4500</leader><controlfield tag="001">999688646902909</controlfield><controlfield tag="005">20220222213023.0</controlfield><controlfield tag="008">180821nuuuuuuuuxx      o           eng  </controlfield><datafield tag="035" ind1=" " ind2=" "><subfield code="a">(OCoLC)1049155288</subfield></datafield><datafield tag="035" ind1=" " ind2=" "><subfield code="a">(OCoLC)on1049155288</subfield></datafield><datafield tag="035" ind1=" " ind2=" "><subfield code="a">(EXLNZ-01CALS_NETWORK)991069743297702901</subfield></datafield><datafield tag="040" ind1=" " ind2=" "><subfield code="a">CHU</subfield><subfield code="b">eng</subfield><subfield code="e">rda</subfield><subfield code="c">CHU</subfield><subfield code="d">OCLCF</subfield><subfield code="d">CHU</subfield><subfield code="d">OCLCQ</subfield></datafield><datafield tag="043" ind1=" " ind2=" "><subfield code="a">n-us-ca</subfield></datafield><datafield tag="099" ind1=" " ind2="9"><subfield code="a">2006.01</subfield><subfield code="9">local</subfield></datafield><datafield tag="100" ind1="1" ind2=" "><subfield code="a">Fairless, Alexandra (Stillman),</subfield><subfield code="e">collection creator.</subfield></datafield><datafield tag="245" ind1="1" ind2="0"><subfield code="a">Fairless (Alexandra) Campaign Collection :</subfield><subfield code="b">Finding Aid,</subfield><subfield code="f">1972-2010</subfield><subfield code="g">(bulk 1972 &amp; 1976).</subfield></datafield><datafield tag="300" ind1=" " ind2=" "><subfield code="a">1.2 linear ft.</subfield></datafield><datafield tag="336" ind1=" " ind2=" "><subfield code="a">text</subfield><subfield code="b">txt</subfield><subfield code="2">rdacontent</subfield></datafield><datafield tag="337" ind1=" " ind2=" "><subfield code="a">computer</subfield><subfield code="b">c</subfield><subfield code="2">rdamedia</subfield></datafield><datafield tag="338" ind1=" " ind2=" "><subfield code="a">online resource</subfield><subfield code="b">cr</subfield><subfield code="2">rdacarrier</subfield></datafield><datafield tag="520" ind1="3" ind2=" "><subfield code="a">This collection consists of campaign material from Alexandra Fairless' 1972 election to Arcata City Council and her re-election to city council in 1976. The documents reflect her campaign's staffing and organization as well as speaking engagements and print material from her campaigns. Of particular interest to researchers are photographs used in campaign print material, and questionnaires that city council candidates answered for various media outlets. Also of interest is her speaking engagements and copies of speeches for various community groups. Alexandra Fairless was Arcata's first female City Council Member and Mayor. She changed her last name from Fairless to Stillman in 1980.</subfield></datafield><datafield tag="546" ind1=" " ind2=" "><subfield code="a">English</subfield></datafield><datafield tag="650" ind1=" " ind2="0"><subfield code="a">Women</subfield><subfield code="x">Political activity.</subfield></datafield><datafield tag="650" ind1=" " ind2="7"><subfield code="a">Politics and government.</subfield><subfield code="2">fast</subfield><subfield code="0">(OCoLC)fst01919741</subfield></datafield><datafield tag="650" ind1=" " ind2="7"><subfield code="a">Women</subfield><subfield code="x">Political activity.</subfield><subfield code="2">fast</subfield><subfield code="0">(OCoLC)fst01734136</subfield></datafield><datafield tag="651" ind1=" " ind2="0"><subfield code="a">Arcata (Calif.)</subfield><subfield code="x">Politics and government.</subfield></datafield><datafield tag="651" ind1=" " ind2="0"><subfield code="a">Arcata (Calif.)</subfield></datafield><datafield tag="651" ind1=" " ind2="7"><subfield code="a">California</subfield><subfield code="z">Arcata.</subfield><subfield code="2">fast</subfield><subfield code="0">(OCoLC)fst01202811</subfield></datafield><datafield tag="856" ind1="4" ind2="1"><subfield code="u">https://specialcollections.humboldt.edu/alexandra-fairless-campaign-collection-finding-aid</subfield></datafield><datafield tag="973" ind1="0" ind2=" "><subfield code="a">Finding Aids at Cal Poly Humboldt University</subfield><subfield code="9">LOCAL</subfield></datafield><datafield tag="994" ind1=" " ind2=" "><subfield code="a">92</subfield><subfield code="b">CAC</subfield></datafield><datafield tag="995" ind1=" " ind2=" "><subfield code="a">CSU ongoing load collection</subfield><subfield code="b">2022-02-22</subfield><subfield code="c">WorldCat record encoding level change - WorldCat record variable field(s) change: 043, 245, 300, 856</subfield><subfield code="d">CSU interim load</subfield><subfield code="e">UPDATED</subfield></datafield></record>