<record><leader>01812cpcaa2200361 i 4500</leader><controlfield tag="001">999688647002909</controlfield><controlfield tag="005">20220522213021.0</controlfield><controlfield tag="008">180821nuuuuuuuuxx      o           eng  </controlfield><datafield tag="035" ind1=" " ind2=" "><subfield code="a">(OCoLC)1049155405</subfield></datafield><datafield tag="035" ind1=" " ind2=" "><subfield code="a">(OCoLC)on1049155405</subfield></datafield><datafield tag="035" ind1=" " ind2=" "><subfield code="a">(EXLNZ-01CALS_NETWORK)991069743297802901</subfield></datafield><datafield tag="040" ind1=" " ind2=" "><subfield code="a">CHU</subfield><subfield code="b">eng</subfield><subfield code="e">rda</subfield><subfield code="c">CHU</subfield><subfield code="d">OCLCF</subfield><subfield code="d">CHU</subfield><subfield code="d">OCLCQ</subfield><subfield code="d">OCLCO</subfield></datafield><datafield tag="043" ind1=" " ind2=" "><subfield code="a">n-us-or</subfield><subfield code="a">n-us-ca</subfield></datafield><datafield tag="099" ind1=" " ind2="9"><subfield code="a">1999.22</subfield><subfield code="9">local</subfield></datafield><datafield tag="100" ind1="3" ind2=" "><subfield code="a">Fairbanks Family,</subfield><subfield code="e">collection creator.</subfield></datafield><datafield tag="245" ind1="1" ind2="0"><subfield code="a">Fairbanks Photo Album :</subfield><subfield code="b">Finding Aid,</subfield><subfield code="f">1920-1925.</subfield></datafield><datafield tag="300" ind1=" " ind2=" "><subfield code="a">.5 cubic foot; 1 photograph album (14.7 x 20.6 cm)</subfield></datafield><datafield tag="336" ind1=" " ind2=" "><subfield code="a">text</subfield><subfield code="b">txt</subfield><subfield code="2">rdacontent</subfield></datafield><datafield tag="337" ind1=" " ind2=" "><subfield code="a">computer</subfield><subfield code="b">c</subfield><subfield code="2">rdamedia</subfield></datafield><datafield tag="338" ind1=" " ind2=" "><subfield code="a">online resource</subfield><subfield code="b">cr</subfield><subfield code="2">rdacarrier</subfield></datafield><datafield tag="520" ind1="3" ind2=" "><subfield code="a">The album consists of 119 photographs pertaining to the Fairbanks Family traveling from Orick in Humboldt County, California, and continuing along the Klamath River to Orleans in the 1920s. The bulk of the images are concerned with the construction of the Salmon River Road as well as the road along the Klamath River near the Salmon River in Siskiyou County, California.</subfield></datafield><datafield tag="546" ind1=" " ind2=" "><subfield code="a">English</subfield></datafield><datafield tag="650" ind1=" " ind2="0"><subfield code="a">Roads</subfield><subfield code="x">Design and construction.</subfield></datafield><datafield tag="650" ind1=" " ind2="6"><subfield code="a">Routes</subfield><subfield code="x">Conception et construction.</subfield></datafield><datafield tag="650" ind1=" " ind2="7"><subfield code="a">Roads</subfield><subfield code="x">Design and construction.</subfield><subfield code="2">fast</subfield><subfield code="0">(OCoLC)fst01098548</subfield></datafield><datafield tag="651" ind1=" " ind2="0"><subfield code="a">Klamath River (Or. and Calif.)</subfield></datafield><datafield tag="651" ind1=" " ind2="0"><subfield code="a">Salmon River (Calif.)</subfield></datafield><datafield tag="651" ind1=" " ind2="0"><subfield code="a">Humboldt County (Calif.)</subfield></datafield><datafield tag="651" ind1=" " ind2="6"><subfield code="a">Klamath (Or. et Calif. : Fleuve)</subfield></datafield><datafield tag="651" ind1=" " ind2="7"><subfield code="a">California</subfield><subfield code="z">Humboldt County.</subfield><subfield code="2">fast</subfield><subfield code="0">(OCoLC)fst01214282</subfield></datafield><datafield tag="651" ind1=" " ind2="7"><subfield code="a">California</subfield><subfield code="z">Salmon River.</subfield><subfield code="2">fast</subfield><subfield code="0">(OCoLC)fst01298028</subfield></datafield><datafield tag="651" ind1=" " ind2="7"><subfield code="a">United States</subfield><subfield code="z">Klamath River.</subfield><subfield code="2">fast</subfield><subfield code="0">(OCoLC)fst01310509</subfield></datafield><datafield tag="856" ind1="4" ind2="1"><subfield code="u">https://specialcollections.humboldt.edu/fairbanks-photo-album-finding-aid</subfield></datafield><datafield tag="973" ind1="0" ind2=" "><subfield code="a">Finding Aids at Cal Poly Humboldt University</subfield><subfield code="9">LOCAL</subfield></datafield><datafield tag="994" ind1=" " ind2=" "><subfield code="a">92</subfield><subfield code="b">CAC</subfield></datafield><datafield tag="995" ind1=" " ind2=" "><subfield code="a">CSU ongoing load collection</subfield><subfield code="b">2022-05-22</subfield><subfield code="c">WorldCat record variable field(s) change: 650, 651</subfield><subfield code="d">CSU interim load</subfield><subfield code="e">UPDATED</subfield></datafield></record>