<record><leader>02589cpcaa2200517 i 4500</leader><controlfield tag="001">999688647102909</controlfield><controlfield tag="005">20220523213021.0</controlfield><controlfield tag="008">180821nuuuuuuuuxx      o           eng  </controlfield><datafield tag="035" ind1=" " ind2=" "><subfield code="a">(OCoLC)1049155329</subfield></datafield><datafield tag="035" ind1=" " ind2=" "><subfield code="a">(OCoLC)on1049155329</subfield></datafield><datafield tag="035" ind1=" " ind2=" "><subfield code="a">(EXLNZ-01CALS_NETWORK)991069743298002901</subfield></datafield><datafield tag="040" ind1=" " ind2=" "><subfield code="a">CHU</subfield><subfield code="b">eng</subfield><subfield code="e">rda</subfield><subfield code="c">CHU</subfield><subfield code="d">OCLCF</subfield><subfield code="d">CHU</subfield><subfield code="d">OCLCQ</subfield><subfield code="d">OCLCO</subfield></datafield><datafield tag="043" ind1=" " ind2=" "><subfield code="a">n-us-ca</subfield></datafield><datafield tag="099" ind1=" " ind2="9"><subfield code="a">1999.14</subfield><subfield code="9">local</subfield></datafield><datafield tag="110" ind1="2" ind2=" "><subfield code="a">City of Eureka</subfield></datafield><datafield tag="245" ind1="1" ind2="0"><subfield code="a">Eureka Waterfront Litigation Collection :</subfield><subfield code="b">Finding Aid,</subfield><subfield code="f">1844-1980s</subfield><subfield code="g">(bulk 1850s-1920s ; 1970s).</subfield></datafield><datafield tag="300" ind1=" " ind2=" "><subfield code="a">7 cubic ft. plus oversized items</subfield></datafield><datafield tag="336" ind1=" " ind2=" "><subfield code="a">text</subfield><subfield code="b">txt</subfield><subfield code="2">rdacontent</subfield></datafield><datafield tag="337" ind1=" " ind2=" "><subfield code="a">computer</subfield><subfield code="b">c</subfield><subfield code="2">rdamedia</subfield></datafield><datafield tag="338" ind1=" " ind2=" "><subfield code="a">online resource</subfield><subfield code="b">cr</subfield><subfield code="2">rdacarrier</subfield></datafield><datafield tag="520" ind1="3" ind2=" "><subfield code="a">In 1968 a lawsuit was filed against the City of Eureka to determine who had legal ownership of land on the Eureka Waterfront. During the 13 year span of the case, Lazio v. City of Eureka, also known as the Eureka Tidelands Case, the law firm engaged by the City conducted extensive historical research on the complex history of the question. Their "evidence" included copies of original deeds and lawsuits dating back to before the establishment of the City. These documents, along with copies of many historical maps as well as a series of contemporary aerial photographs and archaeological findings commissioned for the case, are included in the collection which was donated by the City of Eureka to the Humboldt State University Library in 1984.</subfield></datafield><datafield tag="546" ind1=" " ind2=" "><subfield code="a">English</subfield></datafield><datafield tag="650" ind1=" " ind2="0"><subfield code="a">Docks.</subfield></datafield><datafield tag="650" ind1=" " ind2="0"><subfield code="a">Harbors.</subfield></datafield><datafield tag="650" ind1=" " ind2="0"><subfield code="a">Lumber trade.</subfield></datafield><datafield tag="650" ind1=" " ind2="0"><subfield code="a">Lumbering.</subfield></datafield><datafield tag="650" ind1=" " ind2="0"><subfield code="a">Shipping.</subfield></datafield><datafield tag="650" ind1=" " ind2="0"><subfield code="a">Submerged lands.</subfield></datafield><datafield tag="650" ind1=" " ind2="6"><subfield code="a">Docks.</subfield></datafield><datafield tag="650" ind1=" " ind2="6"><subfield code="a">Ports.</subfield></datafield><datafield tag="650" ind1=" " ind2="6"><subfield code="a">Bois</subfield><subfield code="x">Commerce.</subfield></datafield><datafield tag="650" ind1=" " ind2="6"><subfield code="a">Forêts</subfield><subfield code="x">Exploitation.</subfield></datafield><datafield tag="650" ind1=" " ind2="6"><subfield code="a">Terres submergées.</subfield></datafield><datafield tag="650" ind1=" " ind2="7"><subfield code="a">Docks.</subfield><subfield code="2">fast</subfield><subfield code="0">(OCoLC)fst00896024</subfield></datafield><datafield tag="650" ind1=" " ind2="7"><subfield code="a">Harbors.</subfield><subfield code="2">fast</subfield><subfield code="0">(OCoLC)fst00951219</subfield></datafield><datafield tag="650" ind1=" " ind2="7"><subfield code="a">Lumber trade.</subfield><subfield code="2">fast</subfield><subfield code="0">(OCoLC)fst01003543</subfield></datafield><datafield tag="650" ind1=" " ind2="7"><subfield code="a">Lumbering.</subfield><subfield code="2">fast</subfield><subfield code="0">(OCoLC)fst01003596</subfield></datafield><datafield tag="650" ind1=" " ind2="7"><subfield code="a">Shipping.</subfield><subfield code="2">fast</subfield><subfield code="0">(OCoLC)fst01116352</subfield></datafield><datafield tag="650" ind1=" " ind2="7"><subfield code="a">Submerged lands.</subfield><subfield code="2">fast</subfield><subfield code="0">(OCoLC)fst01136664</subfield></datafield><datafield tag="651" ind1=" " ind2="0"><subfield code="a">Humboldt Bay (Calif.)</subfield></datafield><datafield tag="651" ind1=" " ind2="0"><subfield code="a">Eureka (Calif.)</subfield><subfield code="x">History.</subfield></datafield><datafield tag="651" ind1=" " ind2="6"><subfield code="a">Humboldt, Baie de (Calif.)</subfield></datafield><datafield tag="651" ind1=" " ind2="7"><subfield code="a">California</subfield><subfield code="z">Eureka.</subfield><subfield code="2">fast</subfield><subfield code="0">(OCoLC)fst01206569</subfield></datafield><datafield tag="651" ind1=" " ind2="7"><subfield code="a">Pacific Ocean</subfield><subfield code="z">Humboldt Bay.</subfield><subfield code="2">fast</subfield><subfield code="0">(OCoLC)fst01242944</subfield></datafield><datafield tag="655" ind1=" " ind2="7"><subfield code="a">History.</subfield><subfield code="2">fast</subfield><subfield code="0">(OCoLC)fst01411628</subfield></datafield><datafield tag="856" ind1="4" ind2="1"><subfield code="u">https://specialcollections.humboldt.edu/eureka-waterfront-litigation-collection-finding-aid</subfield></datafield><datafield tag="973" ind1="0" ind2=" "><subfield code="a">Finding Aids at Cal Poly Humboldt University</subfield><subfield code="9">LOCAL</subfield></datafield><datafield tag="994" ind1=" " ind2=" "><subfield code="a">92</subfield><subfield code="b">CAC</subfield></datafield><datafield tag="995" ind1=" " ind2=" "><subfield code="a">CSU ongoing load collection</subfield><subfield code="b">2022-05-23</subfield><subfield code="c">WorldCat record variable field(s) change: 650, 651</subfield><subfield code="d">CSU interim load</subfield><subfield code="e">UPDATED</subfield></datafield></record>