<record><leader>02465cpcaa2200409 i 4500</leader><controlfield tag="001">999688647202909</controlfield><controlfield tag="005">20241102213016.0</controlfield><controlfield tag="008">180821nuuuuuuuuxx      o           eng  </controlfield><datafield tag="035" ind1=" " ind2=" "><subfield code="a">(OCoLC)1049155203</subfield></datafield><datafield tag="035" ind1=" " ind2=" "><subfield code="a">(OCoLC)on1049155203</subfield></datafield><datafield tag="035" ind1=" " ind2=" "><subfield code="a">(EXLNZ-01CALS_NETWORK)991069743590302901</subfield></datafield><datafield tag="040" ind1=" " ind2=" "><subfield code="a">CHU</subfield><subfield code="b">eng</subfield><subfield code="e">rda</subfield><subfield code="c">CHU</subfield><subfield code="d">OCLCF</subfield><subfield code="d">OCLCO</subfield><subfield code="d">CHU</subfield><subfield code="d">OCLCQ</subfield><subfield code="d">OCLCO</subfield><subfield code="d">OCLCL</subfield><subfield code="d">OCLCQ</subfield><subfield code="d">OCLCO</subfield></datafield><datafield tag="043" ind1=" " ind2=" "><subfield code="a">n-us-ca</subfield></datafield><datafield tag="099" ind1=" " ind2="9"><subfield code="a">1999.02</subfield><subfield code="9">local</subfield></datafield><datafield tag="100" ind1="1" ind2=" "><subfield code="a">Ericson, A. W.</subfield><subfield code="q">(Augustus William),</subfield><subfield code="d">1848-1927,</subfield><subfield code="e">collection creator.</subfield><subfield code="1">https://id.oclc.org/worldcat/entity/E39PBJqw6w7h7Kh3m6tR9PHV4q</subfield><subfield code="0">http://id.loc.gov/authorities/names/nr89004663</subfield></datafield><datafield tag="245" ind1="1" ind2="0"><subfield code="a">Ericson Photograph Collection :</subfield><subfield code="b">Finding Aid,</subfield><subfield code="f">1880s-1920s.</subfield></datafield><datafield tag="300" ind1=" " ind2=" "><subfield code="a">497 items- glass plate negatives</subfield></datafield><datafield tag="336" ind1=" " ind2=" "><subfield code="a">text</subfield><subfield code="b">txt</subfield><subfield code="2">rdacontent</subfield></datafield><datafield tag="337" ind1=" " ind2=" "><subfield code="a">computer</subfield><subfield code="b">c</subfield><subfield code="2">rdamedia</subfield></datafield><datafield tag="338" ind1=" " ind2=" "><subfield code="a">online resource</subfield><subfield code="b">cr</subfield><subfield code="2">rdacarrier</subfield></datafield><datafield tag="520" ind1="3" ind2=" "><subfield code="a">The Ericson Collection depicts a wide variety of everyday northwest California scenes and activities from the 1880s through the 1920s. Lumber industry, Native Americans, city and village street scenes (primarily Arcata), schools, portraits, and scenic views are the featured subjects of this collection. The primary photographer represented is A.W. Ericson with some by other family members.</subfield></datafield><datafield tag="546" ind1=" " ind2=" "><subfield code="a">English and Norwegian</subfield></datafield><datafield tag="650" ind1=" " ind2="0"><subfield code="a">Photographers</subfield><subfield code="z">California</subfield><subfield code="z">Humboldt County</subfield><subfield code="x">History.</subfield></datafield><datafield tag="650" ind1=" " ind2="0"><subfield code="a">Photography</subfield><subfield code="z">California</subfield><subfield code="z">Humboldt County</subfield><subfield code="x">History.</subfield></datafield><datafield tag="650" ind1=" " ind2="6"><subfield code="a">Photographes</subfield><subfield code="z">Californie</subfield><subfield code="z">Humboldt</subfield><subfield code="x">Histoire.</subfield></datafield><datafield tag="650" ind1=" " ind2="6"><subfield code="a">Photographie</subfield><subfield code="z">Californie</subfield><subfield code="z">Humboldt</subfield><subfield code="x">Histoire.</subfield></datafield><datafield tag="650" ind1=" " ind2="7"><subfield code="a">Photographers</subfield><subfield code="2">fast</subfield></datafield><datafield tag="650" ind1=" " ind2="7"><subfield code="a">Photography</subfield><subfield code="2">fast</subfield></datafield><datafield tag="651" ind1=" " ind2="0"><subfield code="a">California</subfield><subfield code="v">Pictorial works.</subfield><subfield code="0">http://id.loc.gov/authorities/subjects/sh85018876</subfield></datafield><datafield tag="651" ind1=" " ind2="0"><subfield code="a">Humboldt County (Calif.)</subfield><subfield code="x">History.</subfield></datafield><datafield tag="651" ind1=" " ind2="0"><subfield code="a">Humboldt County (Calif.)</subfield><subfield code="x">History</subfield><subfield code="v">Pictorial works.</subfield></datafield><datafield tag="651" ind1=" " ind2="7"><subfield code="a">California</subfield><subfield code="2">fast</subfield><subfield code="1">https://id.oclc.org/worldcat/entity/E39PBJt8p3GDkhpJkC9y6FY3wC</subfield></datafield><datafield tag="651" ind1=" " ind2="7"><subfield code="a">California</subfield><subfield code="z">Humboldt County</subfield><subfield code="2">fast</subfield><subfield code="1">https://id.oclc.org/worldcat/entity/E39PBJj4xJB7k34yxdjP6xRdwC</subfield></datafield><datafield tag="655" ind1=" " ind2="7"><subfield code="a">History</subfield><subfield code="2">fast</subfield></datafield><datafield tag="655" ind1=" " ind2="7"><subfield code="a">Illustrated works</subfield><subfield code="2">fast</subfield></datafield><datafield tag="758" ind1=" " ind2=" "><subfield code="i">has work:</subfield><subfield code="a">Ericson Photograph Collection 1880s-1920s (Work)</subfield><subfield code="1">https://id.oclc.org/worldcat/entity/E39PCGf8dhrkftTv4yMCVTXHT3</subfield><subfield code="4">https://id.oclc.org/worldcat/ontology/hasWork</subfield></datafield><datafield tag="856" ind1="4" ind2="1"><subfield code="u">https://specialcollections.humboldt.edu/ericson-photograph-collection-finding-aid</subfield></datafield><datafield tag="973" ind1="0" ind2=" "><subfield code="a">Finding Aids at Cal Poly Humboldt University</subfield><subfield code="9">LOCAL</subfield></datafield><datafield tag="994" ind1=" " ind2=" "><subfield code="a">92</subfield><subfield code="b">CAC</subfield></datafield><datafield tag="995" ind1=" " ind2=" "><subfield code="a">CSU ongoing load collection</subfield><subfield code="b">2024-11-02</subfield><subfield code="c">WorldCat record variable field(s) change: 650, 651, 655</subfield><subfield code="d">CSU interim load</subfield><subfield code="e">UPDATED</subfield></datafield></record>