<record><leader>03896cpcaa2200661 i 4500</leader><controlfield tag="001">999688647302909</controlfield><controlfield tag="005">20220426213022.0</controlfield><controlfield tag="008">180821nuuuuuuuuxx      o           eng  </controlfield><datafield tag="035" ind1=" " ind2=" "><subfield code="a">(OCoLC)1049155084</subfield></datafield><datafield tag="035" ind1=" " ind2=" "><subfield code="a">(OCoLC)on1049155084</subfield></datafield><datafield tag="035" ind1=" " ind2=" "><subfield code="a">(EXLNZ-01CALS_NETWORK)991069743698902901</subfield></datafield><datafield tag="040" ind1=" " ind2=" "><subfield code="a">CHU</subfield><subfield code="b">eng</subfield><subfield code="e">rda</subfield><subfield code="c">CHU</subfield><subfield code="d">OCLCF</subfield><subfield code="d">CHU</subfield><subfield code="d">OCLCQ</subfield><subfield code="d">OCLCO</subfield></datafield><datafield tag="043" ind1=" " ind2=" "><subfield code="a">n-us-ca</subfield></datafield><datafield tag="099" ind1=" " ind2="9"><subfield code="a">2012.04</subfield><subfield code="9">local</subfield></datafield><datafield tag="100" ind1="1" ind2=" "><subfield code="a">Environmental Protection Information Center (EPIC),</subfield><subfield code="e">collection creator.</subfield></datafield><datafield tag="245" ind1="1" ind2="0"><subfield code="a">Environmental Protection Information Center (EPIC)/Headwaters Court Cases Collection - Headwaters Court Cases Collection :</subfield><subfield code="b">Finding Aid,</subfield><subfield code="f">1944-2005</subfield><subfield code="g">(bulk 1990-1999).</subfield></datafield><datafield tag="300" ind1=" " ind2=" "><subfield code="a">42 Cubic feet; 35 boxes</subfield></datafield><datafield tag="336" ind1=" " ind2=" "><subfield code="a">text</subfield><subfield code="b">txt</subfield><subfield code="2">rdacontent</subfield></datafield><datafield tag="337" ind1=" " ind2=" "><subfield code="a">computer</subfield><subfield code="b">c</subfield><subfield code="2">rdamedia</subfield></datafield><datafield tag="338" ind1=" " ind2=" "><subfield code="a">online resource</subfield><subfield code="b">cr</subfield><subfield code="2">rdacarrier</subfield></datafield><datafield tag="520" ind1="3" ind2=" "><subfield code="a">This collection is the product of a series of court cases filed by the Environmental Protection Information Center (EPIC), Sierra Club, and United Steelworkers of America during the 1990s and early 2000s against Pacific Lumber Company (PALCO)/Maxxam. The litigation in these cases focused on the environmental effects of PALCO's logging practices around what is now the Headwaters Forest Reserve in Humboldt County, California. The bulk of the collection consists of evidentiary documents provided by the California Department of Forestry and Fire Protection (CDF) and the California Department of Fish and Game (DFG) for the court case EPIC v. CDF, et. al. The strengths of this collection are materials that relate to local endangered species such as the Northern Spotted Owl, the Marbled Murrelet, and the Coho Salmon, as well as affected watersheds including the Bear/Mattole River, Eel River, Van Duzen River, Yager Creek, Freshwater Creek, and Humboldt Bay.</subfield></datafield><datafield tag="650" ind1=" " ind2="0"><subfield code="a">Coho salmon.</subfield></datafield><datafield tag="650" ind1=" " ind2="0"><subfield code="a">Logging</subfield><subfield code="z">California</subfield><subfield code="z">Humboldt County.</subfield></datafield><datafield tag="650" ind1=" " ind2="0"><subfield code="a">Logging</subfield><subfield code="z">California</subfield><subfield code="z">Headwaters Forest Wilderness.</subfield></datafield><datafield tag="650" ind1=" " ind2="0"><subfield code="a">Logging</subfield><subfield code="x">Environmental aspects</subfield><subfield code="z">California.</subfield></datafield><datafield tag="650" ind1=" " ind2="0"><subfield code="a">Marbled murrelet.</subfield></datafield><datafield tag="650" ind1=" " ind2="0"><subfield code="a">Northern spotted owl.</subfield></datafield><datafield tag="650" ind1=" " ind2="0"><subfield code="a">Old growth forest conservation.</subfield></datafield><datafield tag="650" ind1=" " ind2="0"><subfield code="a">Redwoods</subfield><subfield code="z">California</subfield><subfield code="z">Humboldt County.</subfield></datafield><datafield tag="650" ind1=" " ind2="0"><subfield code="a">Sustainable forestry.</subfield></datafield><datafield tag="650" ind1=" " ind2="2"><subfield code="a">Oncorhynchus kisutch</subfield></datafield><datafield tag="650" ind1=" " ind2="6"><subfield code="a">Saumon coho.</subfield></datafield><datafield tag="650" ind1=" " ind2="6"><subfield code="a">Forêts</subfield><subfield code="x">Exploitation</subfield><subfield code="z">Californie</subfield><subfield code="z">Humboldt.</subfield></datafield><datafield tag="650" ind1=" " ind2="6"><subfield code="a">Forêts</subfield><subfield code="x">Exploitation</subfield><subfield code="x">Aspect de l'environnement</subfield><subfield code="z">Californie.</subfield></datafield><datafield tag="650" ind1=" " ind2="6"><subfield code="a">Guillemot marbré.</subfield></datafield><datafield tag="650" ind1=" " ind2="6"><subfield code="a">Chouette tachetée du Nord.</subfield></datafield><datafield tag="650" ind1=" " ind2="6"><subfield code="a">Séquoias</subfield><subfield code="z">Californie</subfield><subfield code="z">Humboldt.</subfield></datafield><datafield tag="650" ind1=" " ind2="6"><subfield code="a">Foresterie durable.</subfield></datafield><datafield tag="650" ind1=" " ind2="7"><subfield code="a">Coho salmon.</subfield><subfield code="2">fast</subfield><subfield code="0">(OCoLC)fst00866587</subfield></datafield><datafield tag="650" ind1=" " ind2="7"><subfield code="a">Logging.</subfield><subfield code="2">fast</subfield><subfield code="0">(OCoLC)fst01001952</subfield></datafield><datafield tag="650" ind1=" " ind2="7"><subfield code="a">Logging</subfield><subfield code="x">Environmental aspects.</subfield><subfield code="2">fast</subfield><subfield code="0">(OCoLC)fst01001966</subfield></datafield><datafield tag="650" ind1=" " ind2="7"><subfield code="a">Marbled murrelet.</subfield><subfield code="2">fast</subfield><subfield code="0">(OCoLC)fst01009007</subfield></datafield><datafield tag="650" ind1=" " ind2="7"><subfield code="a">Northern spotted owl.</subfield><subfield code="2">fast</subfield><subfield code="0">(OCoLC)fst01039291</subfield></datafield><datafield tag="650" ind1=" " ind2="7"><subfield code="a">Old growth forest conservation.</subfield><subfield code="2">fast</subfield><subfield code="0">(OCoLC)fst01045382</subfield></datafield><datafield tag="650" ind1=" " ind2="7"><subfield code="a">Redwoods.</subfield><subfield code="2">fast</subfield><subfield code="0">(OCoLC)fst01092327</subfield></datafield><datafield tag="650" ind1=" " ind2="7"><subfield code="a">Sustainable forestry.</subfield><subfield code="2">fast</subfield><subfield code="0">(OCoLC)fst01139767</subfield></datafield><datafield tag="651" ind1=" " ind2="0"><subfield code="a">Mattole River (Calif.)</subfield></datafield><datafield tag="651" ind1=" " ind2="0"><subfield code="a">Van Duzen River (Calif.)</subfield></datafield><datafield tag="651" ind1=" " ind2="0"><subfield code="a">Eel River (Calif.)</subfield></datafield><datafield tag="651" ind1=" " ind2="0"><subfield code="a">Headwaters Forest Wilderness (Calif.)</subfield></datafield><datafield tag="651" ind1=" " ind2="6"><subfield code="a">Eel (Calif. : Fleuve)</subfield></datafield><datafield tag="651" ind1=" " ind2="7"><subfield code="a">California.</subfield><subfield code="2">fast</subfield><subfield code="0">(OCoLC)fst01204928</subfield></datafield><datafield tag="651" ind1=" " ind2="7"><subfield code="a">California</subfield><subfield code="z">Eel River.</subfield><subfield code="2">fast</subfield><subfield code="0">(OCoLC)fst01243763</subfield></datafield><datafield tag="651" ind1=" " ind2="7"><subfield code="a">California</subfield><subfield code="z">Headwaters Forest Wilderness.</subfield><subfield code="2">fast</subfield><subfield code="0">(OCoLC)fst01264803</subfield></datafield><datafield tag="651" ind1=" " ind2="7"><subfield code="a">California</subfield><subfield code="z">Humboldt County.</subfield><subfield code="2">fast</subfield><subfield code="0">(OCoLC)fst01214282</subfield></datafield><datafield tag="651" ind1=" " ind2="7"><subfield code="a">California</subfield><subfield code="z">Mattole River.</subfield><subfield code="2">fast</subfield><subfield code="0">(OCoLC)fst01294718</subfield></datafield><datafield tag="651" ind1=" " ind2="7"><subfield code="a">California</subfield><subfield code="z">Van Duzen River.</subfield><subfield code="2">fast</subfield><subfield code="0">(OCoLC)fst01266114</subfield></datafield><datafield tag="856" ind1="4" ind2="1"><subfield code="u">https://specialcollections.humboldt.edu/environmental-protection-information-center-epic-headwaters-court-cases-collection</subfield></datafield><datafield tag="973" ind1="0" ind2=" "><subfield code="a">Finding Aids at Cal Poly Humboldt University</subfield><subfield code="9">local</subfield></datafield><datafield tag="994" ind1=" " ind2=" "><subfield code="a">92</subfield><subfield code="b">CAC</subfield></datafield><datafield tag="995" ind1=" " ind2=" "><subfield code="a">CSU ongoing load collection</subfield><subfield code="b">2022-04-26</subfield><subfield code="c">WorldCat record variable field(s) change: 650, 651</subfield><subfield code="d">CSU interim load</subfield><subfield code="e">UPDATED</subfield></datafield></record>