<record><leader>01543cpcaa22002537i 4500</leader><controlfield tag="001">999688647402909</controlfield><controlfield tag="005">20240127213016.0</controlfield><controlfield tag="008">180821nuuuuuuuuxx      o           eng  </controlfield><datafield tag="035" ind1=" " ind2=" "><subfield code="a">(OCoLC)1049154843</subfield></datafield><datafield tag="035" ind1=" " ind2=" "><subfield code="a">(OCoLC)on1049154843</subfield></datafield><datafield tag="035" ind1=" " ind2=" "><subfield code="a">(EXLNZ-01CALS_NETWORK)991069743699002901</subfield></datafield><datafield tag="040" ind1=" " ind2=" "><subfield code="a">CHU</subfield><subfield code="b">eng</subfield><subfield code="e">rda</subfield><subfield code="c">CHU</subfield><subfield code="d">CHU</subfield><subfield code="d">OCLCQ</subfield><subfield code="d">OCLCL</subfield></datafield><datafield tag="099" ind1=" " ind2="9"><subfield code="a">2010.01</subfield><subfield code="9">local</subfield></datafield><datafield tag="100" ind1="1" ind2=" "><subfield code="a">Dunning, Joan,</subfield><subfield code="e">collection creator.</subfield></datafield><datafield tag="245" ind1="1" ind2="0"><subfield code="a">Dunning (Joan) Collection :</subfield><subfield code="b">Finding Aid,</subfield><subfield code="f">c. 1990s.</subfield></datafield><datafield tag="300" ind1=" " ind2=" "><subfield code="a">2 cubic ft.</subfield></datafield><datafield tag="336" ind1=" " ind2=" "><subfield code="a">text</subfield><subfield code="b">txt</subfield><subfield code="2">rdacontent</subfield></datafield><datafield tag="337" ind1=" " ind2=" "><subfield code="a">computer</subfield><subfield code="b">c</subfield><subfield code="2">rdamedia</subfield></datafield><datafield tag="338" ind1=" " ind2=" "><subfield code="a">online resource</subfield><subfield code="b">cr</subfield><subfield code="2">rdacarrier</subfield></datafield><datafield tag="520" ind1="3" ind2=" "><subfield code="a">Research materials gathered by Joan Dunning for the book she wrote in conjunction with photographer Doug Thron: From the Redwood Forest - Ancient Trees and the Bottom Line: The Headwaters Journey, published in 1998.</subfield></datafield><datafield tag="500" ind1=" " ind2=" "><subfield code="a">Joan Dunning offered the materials to Humboldt State University Library through an informal discussion with Edie Butler in Fall 2009. Ms. Dunning stated that they had not been sorted and may contain personal or family materials. Edie Butler agreed to review the collection and some personal items were subsequently returned to Joan.</subfield></datafield><datafield tag="546" ind1=" " ind2=" "><subfield code="a">English</subfield></datafield><datafield tag="758" ind1=" " ind2=" "><subfield code="i">has work:</subfield><subfield code="a">c. 1990s Dunning (Joan) Collection (Work)</subfield><subfield code="1">https://id.oclc.org/worldcat/entity/E39PCY49xcjdkXJjDYhr9WdTQC</subfield><subfield code="4">https://id.oclc.org/worldcat/ontology/hasWork</subfield></datafield><datafield tag="856" ind1="4" ind2="1"><subfield code="u">https://specialcollections.humboldt.edu/joan-dunning-collection-finding-aid</subfield></datafield><datafield tag="973" ind1="0" ind2=" "><subfield code="a">Finding Aids at Cal Poly Humboldt University</subfield><subfield code="9">LOCAL</subfield></datafield><datafield tag="994" ind1=" " ind2=" "><subfield code="a">92</subfield><subfield code="b">CAC</subfield></datafield><datafield tag="995" ind1=" " ind2=" "><subfield code="a">CSU ongoing load collection</subfield><subfield code="b">2024-01-27</subfield><subfield code="c">WorldCat record variable field(s) change: 758</subfield><subfield code="d">CSU interim load</subfield><subfield code="e">UPDATED</subfield></datafield></record>