<record><leader>01863cpcaa2200325 i 4500</leader><controlfield tag="001">999688647602909</controlfield><controlfield tag="005">20220222213023.0</controlfield><controlfield tag="008">180821nuuuuuuuuxx      o           eng  </controlfield><datafield tag="035" ind1=" " ind2=" "><subfield code="a">(OCoLC)1049154122</subfield></datafield><datafield tag="035" ind1=" " ind2=" "><subfield code="a">(OCoLC)on1049154122</subfield></datafield><datafield tag="035" ind1=" " ind2=" "><subfield code="a">(EXLNZ-01CALS_NETWORK)991069743699602901</subfield></datafield><datafield tag="040" ind1=" " ind2=" "><subfield code="a">CHU</subfield><subfield code="b">eng</subfield><subfield code="e">rda</subfield><subfield code="c">CHU</subfield><subfield code="d">OCLCF</subfield><subfield code="d">CHU</subfield><subfield code="d">OCLCQ</subfield></datafield><datafield tag="043" ind1=" " ind2=" "><subfield code="a">n-us-ca</subfield></datafield><datafield tag="099" ind1=" " ind2="9"><subfield code="a">2012.01</subfield><subfield code="9">local</subfield></datafield><datafield tag="100" ind1="1" ind2=" "><subfield code="a">Weaver, Dan,</subfield><subfield code="e">collection creator.</subfield></datafield><datafield tag="245" ind1="1" ind2="0"><subfield code="a">Mattole Watershed Alliance :</subfield><subfield code="b">Finding Aid,</subfield><subfield code="f">1990s.</subfield></datafield><datafield tag="300" ind1=" " ind2=" "><subfield code="a">.5 cubic ft.</subfield></datafield><datafield tag="336" ind1=" " ind2=" "><subfield code="a">text</subfield><subfield code="b">txt</subfield><subfield code="2">rdacontent</subfield></datafield><datafield tag="337" ind1=" " ind2=" "><subfield code="a">computer</subfield><subfield code="b">c</subfield><subfield code="2">rdamedia</subfield></datafield><datafield tag="338" ind1=" " ind2=" "><subfield code="a">online resource</subfield><subfield code="b">cr</subfield><subfield code="2">rdacarrier</subfield></datafield><datafield tag="520" ind1="3" ind2=" "><subfield code="a">In the early 1990s residents of the lower Mattole River (Humboldt County, CA) watershed created the Mattole Watershed Alliance to work on improving Mattole River conditions toward the common goal of preserving populations of wild salmonids. The collection provides information about the group's activities and the challenges that the initial goodwill and successes could not overcome. The Alliance's goals, actions, and group process are described in The Mattole Watershed Alliance: A Case Study of Community-Based Consensus by Brain, Meyer and Rafferty which is included in this collection.</subfield></datafield><datafield tag="546" ind1=" " ind2=" "><subfield code="a">English</subfield></datafield><datafield tag="650" ind1=" " ind2="0"><subfield code="a">Salmon fisheries</subfield><subfield code="z">California</subfield><subfield code="z">Mattole River.</subfield></datafield><datafield tag="650" ind1=" " ind2="7"><subfield code="a">Salmon fisheries.</subfield><subfield code="2">fast</subfield><subfield code="0">(OCoLC)fst01104112</subfield></datafield><datafield tag="651" ind1=" " ind2="0"><subfield code="a">Mattole River Valley (Calif.)</subfield><subfield code="x">History</subfield></datafield><datafield tag="651" ind1=" " ind2="0"><subfield code="a">Mattole River Watershed (Calif.)</subfield></datafield><datafield tag="651" ind1=" " ind2="7"><subfield code="a">California</subfield><subfield code="z">Mattole River.</subfield><subfield code="2">fast</subfield><subfield code="0">(OCoLC)fst01294718</subfield></datafield><datafield tag="610" ind1="2" ind2="0"><subfield code="a">Mattole Watershed Alliance</subfield></datafield><datafield tag="655" ind1=" " ind2="7"><subfield code="a">History.</subfield><subfield code="2">fast</subfield><subfield code="0">(OCoLC)fst01411628</subfield></datafield><datafield tag="856" ind1="4" ind2="1"><subfield code="u">https://specialcollections.humboldt.edu/mattole-watershed-alliance-collection-finding-aid</subfield></datafield><datafield tag="973" ind1="0" ind2=" "><subfield code="a">Finding Aids at Cal Poly Humboldt University</subfield><subfield code="9">LOCAL</subfield></datafield><datafield tag="994" ind1=" " ind2=" "><subfield code="a">92</subfield><subfield code="b">CAC</subfield></datafield><datafield tag="995" ind1=" " ind2=" "><subfield code="a">CSU ongoing load collection</subfield><subfield code="b">2022-02-22</subfield><subfield code="c">WorldCat record encoding level change - WorldCat record variable field(s) change: 043, 300, 856</subfield><subfield code="d">CSU interim load</subfield><subfield code="e">UPDATED</subfield></datafield></record>