<record><leader>01559cpcaa2200277 i 4500</leader><controlfield tag="001">999688647702909</controlfield><controlfield tag="005">20220222213023.0</controlfield><controlfield tag="008">180821nuuuuuuuuxx      o           eng  </controlfield><datafield tag="035" ind1=" " ind2=" "><subfield code="a">(OCoLC)1049154165</subfield></datafield><datafield tag="035" ind1=" " ind2=" "><subfield code="a">(OCoLC)on1049154165</subfield></datafield><datafield tag="035" ind1=" " ind2=" "><subfield code="a">(EXLNZ-01CALS_NETWORK)991069743699702901</subfield></datafield><datafield tag="040" ind1=" " ind2=" "><subfield code="a">CHU</subfield><subfield code="b">eng</subfield><subfield code="e">rda</subfield><subfield code="c">CHU</subfield><subfield code="d">OCLCF</subfield><subfield code="d">OCLCA</subfield><subfield code="d">CHU</subfield><subfield code="d">OCLCQ</subfield></datafield><datafield tag="043" ind1=" " ind2=" "><subfield code="a">n-us-ca</subfield></datafield><datafield tag="099" ind1=" " ind2="9"><subfield code="a">1999.15</subfield><subfield code="9">local</subfield></datafield><datafield tag="245" ind1="0" ind2="0"><subfield code="a">Humboldt County Map Collection :</subfield><subfield code="b">Finding Aid,</subfield><subfield code="f">1853-present.</subfield></datafield><datafield tag="300" ind1=" " ind2=" "><subfield code="a">420 maps in database plus approximately 10 series</subfield></datafield><datafield tag="336" ind1=" " ind2=" "><subfield code="a">text</subfield><subfield code="b">txt</subfield><subfield code="2">rdacontent</subfield></datafield><datafield tag="337" ind1=" " ind2=" "><subfield code="a">computer</subfield><subfield code="b">c</subfield><subfield code="2">rdamedia</subfield></datafield><datafield tag="338" ind1=" " ind2=" "><subfield code="a">online resource</subfield><subfield code="b">cr</subfield><subfield code="2">rdacarrier</subfield></datafield><datafield tag="520" ind1="3" ind2=" "><subfield code="a">The geographic focus of the HCC Maps Collection is Northwestern California, including towns, timber lands, railroad lines, waterways, and mines. Maps range in subject matter and purpose: coastal surveys, environmental inventories and analyses, geologic studies including earthquakes and landslides, public lands, maritime activities including shipwrecks, flood insurance and Sanborn maps, topographic and orthophotoquad maps.</subfield></datafield><datafield tag="546" ind1=" " ind2=" "><subfield code="a">English</subfield></datafield><datafield tag="650" ind1=" " ind2="0"><subfield code="a">Real property</subfield><subfield code="z">California</subfield><subfield code="z">Humboldt County</subfield><subfield code="v">Maps.</subfield></datafield><datafield tag="650" ind1=" " ind2="7"><subfield code="a">Real property.</subfield><subfield code="2">fast</subfield><subfield code="0">(OCoLC)fst01091096</subfield></datafield><datafield tag="651" ind1=" " ind2="7"><subfield code="a">California</subfield><subfield code="z">Humboldt County.</subfield><subfield code="2">fast</subfield><subfield code="0">(OCoLC)fst01214282</subfield></datafield><datafield tag="655" ind1=" " ind2="7"><subfield code="a">Maps.</subfield><subfield code="2">fast</subfield><subfield code="0">(OCoLC)fst01423704</subfield></datafield><datafield tag="856" ind1="4" ind2="1"><subfield code="u">https://specialcollections.humboldt.edu/humboldt-county-collection-hcc-map-collection-finding-aid</subfield></datafield><datafield tag="973" ind1="0" ind2=" "><subfield code="a">Finding Aids at Cal Poly Humboldt University</subfield><subfield code="9">LOCAL</subfield></datafield><datafield tag="994" ind1=" " ind2=" "><subfield code="a">92</subfield><subfield code="b">CAC</subfield></datafield><datafield tag="995" ind1=" " ind2=" "><subfield code="a">CSU ongoing load collection</subfield><subfield code="b">2022-02-22</subfield><subfield code="c">WorldCat record encoding level change - WorldCat record variable field(s) change: 043, 856</subfield><subfield code="d">CSU interim load</subfield><subfield code="e">UPDATED</subfield></datafield></record>