<record><leader>04530cpcaa2200541 i 4500</leader><controlfield tag="001">999688647802909</controlfield><controlfield tag="005">20241017213016.0</controlfield><controlfield tag="008">180821nuuuuuuuuxx      o           eng  </controlfield><datafield tag="035" ind1=" " ind2=" "><subfield code="a">(OCoLC)1049152287</subfield></datafield><datafield tag="035" ind1=" " ind2=" "><subfield code="a">(OCoLC)on1049152287</subfield></datafield><datafield tag="035" ind1=" " ind2=" "><subfield code="a">(EXLNZ-01CALS_NETWORK)991069743301002901</subfield></datafield><datafield tag="040" ind1=" " ind2=" "><subfield code="a">CHU</subfield><subfield code="b">eng</subfield><subfield code="e">rda</subfield><subfield code="c">CHU</subfield><subfield code="d">OCLCF</subfield><subfield code="d">CHU</subfield><subfield code="d">OCLCQ</subfield><subfield code="d">OCLCO</subfield><subfield code="d">OCLCL</subfield><subfield code="d">OCLCO</subfield></datafield><datafield tag="043" ind1=" " ind2=" "><subfield code="a">n-us-ca</subfield></datafield><datafield tag="245" ind1="0" ind2="0"><subfield code="a">Louisiana Pacific/Hammond Lumber Company Collection :</subfield><subfield code="b">Finding Aid,</subfield><subfield code="f">1871-1992</subfield><subfield code="g">(bulk 1893-1985).</subfield></datafield><datafield tag="300" ind1=" " ind2=" "><subfield code="a">14 maps cabinets with approximately 3000 maps, plans and drawings; approximately 300 maps, plans and drawings on rolling tubes; 63 boxes of documents; 1 five-drawer file cabinet of vendor catalogues; 1 oversize flat file box of computer circuit diagrams</subfield></datafield><datafield tag="336" ind1=" " ind2=" "><subfield code="a">text</subfield><subfield code="b">txt</subfield><subfield code="2">rdacontent</subfield></datafield><datafield tag="337" ind1=" " ind2=" "><subfield code="a">computer</subfield><subfield code="b">c</subfield><subfield code="2">rdamedia</subfield></datafield><datafield tag="338" ind1=" " ind2=" "><subfield code="a">online resource</subfield><subfield code="b">cr</subfield><subfield code="2">rdacarrier</subfield></datafield><datafield tag="520" ind1="3" ind2=" "><subfield code="a">Company records for Vance Redwood Lumber Company; Hammond Lumber Company, Hammond &amp; Little River Redwood Company, Hammond Redwood Lumber Company; Georgia- Pacific Corporation; and the Louisiana Pacific Corporation-Samoa Division. Contents include maps, blueprints, and detailed architectural drawings for buildings, structures, tools, and equipment; timber and railroad engineering surveys, notes and maps; Engineering Department files and records; public relations and publicity materials including photographic prints, slides, negatives, and pulp operation newsletter; legal files relating to business transactions, railroad property disputes, and worker health and safety issues from 1871 to 1992; letters of applications 1923-1924. This collection documents company operations throughout California and in Oregon; strengths include industrial drawings and architectural plans for mills, company towns and mobile field camps; an extensive collection of maps and plans documenting logging operations, property holdings and company railroads; and dealings with major property owners in the region. Sites include Samoa, Samoa Peninsula, Humboldt Bay, Big Lagoon, Crannell, Eureka, Fieldbrook, Trinidad, the Simpson Pulp Mill; other California operations, including Mendocino County, Santa Cruz County, the San Pedro lumber yard; Oregon, including Astoria, Hammond, Mill City; Eel River, Luffenholtz Creek, Little River, Mad River, Redwood Creek; the Eureka and Klamath River Railroad and Northwest Pacific Railroad, and a full transcript and legal files for the suit between the Eureka and Klamath River Railroad Co. et al VS California and Northern Railway Co, et al, in 1911.</subfield></datafield><datafield tag="546" ind1=" " ind2=" "><subfield code="a">English</subfield></datafield><datafield tag="650" ind1=" " ind2="0"><subfield code="a">Logging</subfield><subfield code="z">California</subfield><subfield code="z">Humboldt County.</subfield></datafield><datafield tag="650" ind1=" " ind2="0"><subfield code="a">Lumber trade</subfield><subfield code="z">California</subfield><subfield code="z">Humboldt County.</subfield></datafield><datafield tag="650" ind1=" " ind2="0"><subfield code="a">Lumbering</subfield><subfield code="z">California</subfield><subfield code="z">Humboldt County.</subfield></datafield><datafield tag="650" ind1=" " ind2="0"><subfield code="a">Coast redwood.</subfield><subfield code="0">http://id.loc.gov/authorities/subjects/sh85112153</subfield></datafield><datafield tag="650" ind1=" " ind2="0"><subfield code="a">Forest management</subfield><subfield code="z">California</subfield><subfield code="z">Humboldt County.</subfield></datafield><datafield tag="650" ind1=" " ind2="6"><subfield code="a">Forêts</subfield><subfield code="x">Exploitation</subfield><subfield code="z">Californie</subfield><subfield code="z">Humboldt.</subfield></datafield><datafield tag="650" ind1=" " ind2="6"><subfield code="a">Bois</subfield><subfield code="x">Commerce</subfield><subfield code="z">Californie</subfield><subfield code="z">Humboldt.</subfield></datafield><datafield tag="650" ind1=" " ind2="6"><subfield code="a">Séquoia toujours-vert.</subfield></datafield><datafield tag="650" ind1=" " ind2="6"><subfield code="a">Forêts</subfield><subfield code="x">Gestion</subfield><subfield code="z">Californie</subfield><subfield code="z">Humboldt.</subfield></datafield><datafield tag="650" ind1=" " ind2="7"><subfield code="a">Coast redwood</subfield><subfield code="2">fast</subfield></datafield><datafield tag="650" ind1=" " ind2="7"><subfield code="a">Forest management</subfield><subfield code="2">fast</subfield></datafield><datafield tag="650" ind1=" " ind2="7"><subfield code="a">Logging</subfield><subfield code="2">fast</subfield></datafield><datafield tag="650" ind1=" " ind2="7"><subfield code="a">Lumber trade</subfield><subfield code="2">fast</subfield></datafield><datafield tag="650" ind1=" " ind2="7"><subfield code="a">Lumbering</subfield><subfield code="2">fast</subfield></datafield><datafield tag="651" ind1=" " ind2="0"><subfield code="a">Humboldt County (Calif.)</subfield><subfield code="x">History.</subfield></datafield><datafield tag="651" ind1=" " ind2="0"><subfield code="a">Samoa (Calif.)</subfield><subfield code="x">History.</subfield></datafield><datafield tag="651" ind1=" " ind2="7"><subfield code="a">California</subfield><subfield code="z">Humboldt County</subfield><subfield code="2">fast</subfield><subfield code="1">https://id.oclc.org/worldcat/entity/E39PBJj4xJB7k34yxdjP6xRdwC</subfield></datafield><datafield tag="651" ind1=" " ind2="7"><subfield code="a">California</subfield><subfield code="z">Samoa</subfield><subfield code="2">fast</subfield><subfield code="1">https://id.oclc.org/worldcat/entity/E39PBJcrb8CQrrwYBVMpjX8t8C</subfield></datafield><datafield tag="610" ind1="2" ind2="0"><subfield code="a">Hammond Lumber Company.</subfield><subfield code="0">http://id.loc.gov/authorities/names/n2004072047</subfield></datafield><datafield tag="610" ind1="2" ind2="7"><subfield code="a">Hammond Lumber Company</subfield><subfield code="2">fast</subfield><subfield code="1">https://id.oclc.org/worldcat/entity/E39QH7Jmq9J6v4Vj6hqtX4HGB6</subfield></datafield><datafield tag="655" ind1=" " ind2="7"><subfield code="a">History</subfield><subfield code="2">fast</subfield></datafield><datafield tag="710" ind1="2" ind2=" "><subfield code="a">Vance Redwood Lumber Company,</subfield><subfield code="e">collection creator.</subfield></datafield><datafield tag="710" ind1="2" ind2=" "><subfield code="a">Hammond Lumber Company,</subfield><subfield code="e">collection creator.</subfield><subfield code="0">http://id.loc.gov/authorities/names/n2004072047</subfield></datafield><datafield tag="710" ind1="2" ind2=" "><subfield code="a">Hammond &amp; Little River Redwood Company,</subfield><subfield code="e">collection creator.</subfield></datafield><datafield tag="710" ind1="2" ind2=" "><subfield code="a">Georgia-Pacific Corporation,</subfield><subfield code="e">collection creator.</subfield><subfield code="0">http://id.loc.gov/authorities/names/n79100331</subfield></datafield><datafield tag="710" ind1="2" ind2=" "><subfield code="a">Louisiana-Pacific Corporation,</subfield><subfield code="e">collection creator.</subfield><subfield code="0">http://id.loc.gov/authorities/names/n80058026</subfield></datafield><datafield tag="856" ind1="4" ind2="1"><subfield code="u">https://specialcollections.humboldt.edu/louisiana-pacifichammond-lumber-company-collection-%E2%80%93-finding-aid</subfield></datafield><datafield tag="973" ind1="0" ind2=" "><subfield code="a">Finding Aids at Cal Poly Humboldt University</subfield><subfield code="9">local</subfield></datafield><datafield tag="994" ind1=" " ind2=" "><subfield code="a">92</subfield><subfield code="b">CAC</subfield></datafield><datafield tag="995" ind1=" " ind2=" "><subfield code="a">CSU ongoing load collection</subfield><subfield code="b">2024-10-17</subfield><subfield code="c">WorldCat record variable field(s) change: 610, 650, 651, 655</subfield><subfield code="d">CSU interim load</subfield><subfield code="e">UPDATED</subfield></datafield></record>