<record><leader>04838cpcaa2200697 i 4500</leader><controlfield tag="001">999688647902909</controlfield><controlfield tag="005">20250920213016.0</controlfield><controlfield tag="008">180821nuuuuuuuuxx      o           eng  </controlfield><datafield tag="035" ind1=" " ind2=" "><subfield code="a">(OCoLC)1049152334</subfield></datafield><datafield tag="035" ind1=" " ind2=" "><subfield code="a">(OCoLC)on1049152334</subfield></datafield><datafield tag="035" ind1=" " ind2=" "><subfield code="a">(EXLNZ-01CALS_NETWORK)991069743301202901</subfield></datafield><datafield tag="040" ind1=" " ind2=" "><subfield code="a">CHU</subfield><subfield code="b">eng</subfield><subfield code="e">rda</subfield><subfield code="c">CHU</subfield><subfield code="d">OCLCF</subfield><subfield code="d">OCL</subfield><subfield code="d">CHU</subfield><subfield code="d">OCLCQ</subfield><subfield code="d">OCLCO</subfield><subfield code="d">OCLCL</subfield><subfield code="d">OCLCO</subfield></datafield><datafield tag="043" ind1=" " ind2=" "><subfield code="a">n-us-ca</subfield><subfield code="a">n-us-or</subfield></datafield><datafield tag="110" ind1="2" ind2=" "><subfield code="a">Klamath Forest Alliance,</subfield><subfield code="e">collection creator.</subfield><subfield code="1">https://id.oclc.org/worldcat/entity/E39QH7Jmq3HF8CWqVPyW9GTJc6</subfield><subfield code="0">http://id.loc.gov/authorities/names/nr98043110</subfield></datafield><datafield tag="245" ind1="1" ind2="0"><subfield code="a">Klamath Forest Alliance Collection :</subfield><subfield code="b">Finding Aid,</subfield><subfield code="f">1970-2010</subfield><subfield code="g">(bulk 1980-2005).</subfield></datafield><datafield tag="300" ind1=" " ind2=" "><subfield code="a">93 Cubic Feet: 87 Record Storage Boxes, 1 Oversize Box, 6 photograph Shoeboxes</subfield></datafield><datafield tag="336" ind1=" " ind2=" "><subfield code="a">text</subfield><subfield code="b">txt</subfield><subfield code="2">rdacontent</subfield></datafield><datafield tag="337" ind1=" " ind2=" "><subfield code="a">computer</subfield><subfield code="b">c</subfield><subfield code="2">rdamedia</subfield></datafield><datafield tag="338" ind1=" " ind2=" "><subfield code="a">online resource</subfield><subfield code="b">cr</subfield><subfield code="2">rdacarrier</subfield></datafield><datafield tag="520" ind1="3" ind2=" "><subfield code="a">The collection was created by the Klamath Forest Alliance (KFA) and Felice Pace (Mr.). Between the late 1980s and 2010, KFA, with Felice as its leader, played major roles in the timber wars in northwest California and southwest Oregon, including timber sale appeals and litigation to defend roadless areas, the Northern Spotted owl controversy, and efforts to protect Ancient Forests through federal legislation. KFA championed conservation biology approaches to protecting biological diversity and the protection of biological corridors linking protected areas, including via development of the Klamath Corridors Proposal and through national forest plans. KFA also worked to protect and restore Pacific Salmon species, to promote watershed restoration and the restoration economy as an alternative to timber dependence, and to persuade the Forest Service to decommission logging roads that posed watershed risks. Volunteer watershed advocacy in the Salmon and Scott River Basin and participation in the federal Klamath River Basin Restoration Program by KFA co-founders Felice Pace and Petey Brucker grew into KFA's River Program. The collection includes Felice's prior work with California Indigenous American tribes and NGOs, Siskiyou County, the Marble Mountain Audubon Society and the Siskiyou Regional Education Project that promoted bioregionalism and published Siskiyou Country Magazine in the 1980s. It includes press clip series on national forest and Klamath River issues and information on operations of the anti-environmental Wise Use Movement in Northern California and Southern Oregon.</subfield></datafield><datafield tag="546" ind1=" " ind2=" "><subfield code="a">English</subfield></datafield><datafield tag="650" ind1=" " ind2="0"><subfield code="a">Old growth forests.</subfield><subfield code="0">http://id.loc.gov/authorities/subjects/sh85094544</subfield></datafield><datafield tag="650" ind1=" " ind2="0"><subfield code="a">Pacific salmon.</subfield><subfield code="0">http://id.loc.gov/authorities/subjects/sh85096486</subfield></datafield><datafield tag="650" ind1=" " ind2="0"><subfield code="a">Wise Use movement.</subfield><subfield code="0">http://id.loc.gov/authorities/subjects/sh95005164</subfield></datafield><datafield tag="650" ind1=" " ind2="0"><subfield code="a">Anti-environmentalism.</subfield><subfield code="0">http://id.loc.gov/authorities/subjects/sh96000443</subfield></datafield><datafield tag="650" ind1=" " ind2="0"><subfield code="a">Environmentalism</subfield><subfield code="z">California, Northern.</subfield></datafield><datafield tag="650" ind1=" " ind2="0"><subfield code="a">Bioregionalism.</subfield><subfield code="0">http://id.loc.gov/authorities/subjects/sh98002706</subfield></datafield><datafield tag="650" ind1=" " ind2="0"><subfield code="a">Fisheries</subfield><subfield code="z">California.</subfield></datafield><datafield tag="650" ind1=" " ind2="0"><subfield code="a">Forest roads.</subfield><subfield code="0">http://id.loc.gov/authorities/subjects/sh85050676</subfield></datafield><datafield tag="650" ind1=" " ind2="0"><subfield code="a">Landslides.</subfield><subfield code="0">http://id.loc.gov/authorities/subjects/sh85074477</subfield></datafield><datafield tag="650" ind1=" " ind2="0"><subfield code="a">Watershed restoration.</subfield><subfield code="0">http://id.loc.gov/authorities/subjects/sh99004194</subfield></datafield><datafield tag="650" ind1=" " ind2="0"><subfield code="a">Herbicides</subfield><subfield code="x">Environmental aspects.</subfield></datafield><datafield tag="650" ind1=" " ind2="6"><subfield code="a">Saumons du Pacifique.</subfield></datafield><datafield tag="650" ind1=" " ind2="6"><subfield code="a">Wise Use (Mouvement)</subfield></datafield><datafield tag="650" ind1=" " ind2="6"><subfield code="a">Antiécologisme.</subfield></datafield><datafield tag="650" ind1=" " ind2="6"><subfield code="a">Environnementalisme</subfield><subfield code="z">Californie (Nord)</subfield></datafield><datafield tag="650" ind1=" " ind2="6"><subfield code="a">Biorégionalisme.</subfield></datafield><datafield tag="650" ind1=" " ind2="6"><subfield code="a">Pêches</subfield><subfield code="z">Californie.</subfield></datafield><datafield tag="650" ind1=" " ind2="6"><subfield code="a">Routes forestières.</subfield></datafield><datafield tag="650" ind1=" " ind2="6"><subfield code="a">Bassins hydrographiques</subfield><subfield code="x">Réhabilitation.</subfield></datafield><datafield tag="650" ind1=" " ind2="6"><subfield code="a">Herbicides</subfield><subfield code="x">Aspect de l'environnement.</subfield></datafield><datafield tag="650" ind1=" " ind2="7"><subfield code="a">Anti-environmentalism</subfield><subfield code="2">fast</subfield></datafield><datafield tag="650" ind1=" " ind2="7"><subfield code="a">Bioregionalism</subfield><subfield code="2">fast</subfield></datafield><datafield tag="650" ind1=" " ind2="7"><subfield code="a">Environmentalism</subfield><subfield code="2">fast</subfield></datafield><datafield tag="650" ind1=" " ind2="7"><subfield code="a">Fisheries</subfield><subfield code="2">fast</subfield></datafield><datafield tag="650" ind1=" " ind2="7"><subfield code="a">Forest roads</subfield><subfield code="2">fast</subfield></datafield><datafield tag="650" ind1=" " ind2="7"><subfield code="a">Herbicides</subfield><subfield code="x">Environmental aspects</subfield><subfield code="2">fast</subfield></datafield><datafield tag="650" ind1=" " ind2="7"><subfield code="a">Landslides</subfield><subfield code="2">fast</subfield></datafield><datafield tag="650" ind1=" " ind2="7"><subfield code="a">Old growth forests</subfield><subfield code="2">fast</subfield></datafield><datafield tag="650" ind1=" " ind2="7"><subfield code="a">Pacific salmon</subfield><subfield code="2">fast</subfield></datafield><datafield tag="650" ind1=" " ind2="7"><subfield code="a">Watershed restoration</subfield><subfield code="2">fast</subfield></datafield><datafield tag="650" ind1=" " ind2="7"><subfield code="a">Wise Use movement</subfield><subfield code="2">fast</subfield></datafield><datafield tag="651" ind1=" " ind2="0"><subfield code="a">Klamath River (Or. and Calif.)</subfield><subfield code="0">http://id.loc.gov/authorities/subjects/sh85072621</subfield></datafield><datafield tag="651" ind1=" " ind2="0"><subfield code="a">Klamath National Forest (Calif. and Or.)</subfield><subfield code="0">http://id.loc.gov/authorities/subjects/sh89000193</subfield></datafield><datafield tag="651" ind1=" " ind2="6"><subfield code="a">Klamath (Or. et Calif. : Fleuve)</subfield></datafield><datafield tag="651" ind1=" " ind2="7"><subfield code="a">California</subfield><subfield code="2">fast</subfield><subfield code="1">https://id.oclc.org/worldcat/entity/E39PBJt8p3GDkhpJkC9y6FY3wC</subfield></datafield><datafield tag="651" ind1=" " ind2="7"><subfield code="a">Northern California</subfield><subfield code="2">fast</subfield></datafield><datafield tag="651" ind1=" " ind2="7"><subfield code="a">United States</subfield><subfield code="z">Klamath National Forest</subfield><subfield code="2">fast</subfield></datafield><datafield tag="651" ind1=" " ind2="7"><subfield code="a">United States</subfield><subfield code="z">Klamath River</subfield><subfield code="2">fast</subfield></datafield><datafield tag="856" ind1="4" ind2="1"><subfield code="u">https://specialcollections.humboldt.edu/klamath-forest-alliance-collection</subfield></datafield><datafield tag="973" ind1="0" ind2=" "><subfield code="a">Finding Aids at Cal Poly Humboldt University</subfield><subfield code="9">LOCAL</subfield></datafield><datafield tag="994" ind1=" " ind2=" "><subfield code="a">92</subfield><subfield code="b">CAC</subfield></datafield><datafield tag="995" ind1=" " ind2=" "><subfield code="a">CSU ongoing load collection</subfield><subfield code="b">2025-09-20</subfield><subfield code="c">WorldCat record variable field(s) change: 650, 651</subfield><subfield code="d">CSU interim load</subfield><subfield code="e">UPDATED</subfield></datafield></record>