<record><leader>02643cpcaa2200493 i 4500</leader><controlfield tag="001">999688648002909</controlfield><controlfield tag="005">20240716213016.0</controlfield><controlfield tag="008">180821nuuuuuuuuxx      o           eng  </controlfield><datafield tag="035" ind1=" " ind2=" "><subfield code="a">(OCoLC)1049152193</subfield></datafield><datafield tag="035" ind1=" " ind2=" "><subfield code="a">(OCoLC)on1049152193</subfield></datafield><datafield tag="035" ind1=" " ind2=" "><subfield code="a">(EXLNZ-01CALS_NETWORK)991069743301302901</subfield></datafield><datafield tag="040" ind1=" " ind2=" "><subfield code="a">CHU</subfield><subfield code="b">eng</subfield><subfield code="e">rda</subfield><subfield code="c">CHU</subfield><subfield code="d">OCLCF</subfield><subfield code="d">OCL</subfield><subfield code="d">CHU</subfield><subfield code="d">OCLCQ</subfield><subfield code="d">OCLCO</subfield><subfield code="d">OCLCA</subfield><subfield code="d">OCLCL</subfield><subfield code="d">OCLCA</subfield><subfield code="d">OCLCQ</subfield><subfield code="d">OCLCO</subfield></datafield><datafield tag="043" ind1=" " ind2=" "><subfield code="a">n-us-ca</subfield></datafield><datafield tag="100" ind1="1" ind2=" "><subfield code="a">Lowry, Chag,</subfield><subfield code="e">collection creator.</subfield><subfield code="1">https://id.oclc.org/worldcat/entity/E39PCjCKXX6gx7B6qMrtgdR3Qq</subfield><subfield code="0">http://id.loc.gov/authorities/names/n2007051642</subfield></datafield><datafield tag="245" ind1="1" ind2="0"><subfield code="a">Indigenous Living Biographies Collection :</subfield><subfield code="b">Finding Aid,</subfield><subfield code="f">1999-2001.</subfield></datafield><datafield tag="300" ind1=" " ind2=" "><subfield code="a">1 cubic foot; 56 DVDs</subfield></datafield><datafield tag="336" ind1=" " ind2=" "><subfield code="a">text</subfield><subfield code="b">txt</subfield><subfield code="2">rdacontent</subfield></datafield><datafield tag="337" ind1=" " ind2=" "><subfield code="a">computer</subfield><subfield code="b">c</subfield><subfield code="2">rdamedia</subfield></datafield><datafield tag="338" ind1=" " ind2=" "><subfield code="a">online resource</subfield><subfield code="b">cr</subfield><subfield code="2">rdacarrier</subfield></datafield><datafield tag="520" ind1=" " ind2=" "><subfield code="a">This collection contains interviews from living indigenous community members from the Humboldt region. The oral histories provide a lived experience and insight to the cultures and history represented in the video series. Interviewees are from the Yurok, Wiyot, Karuk, Tolowa, and Hupa tribes. Topics in the collection include the Yurok language, culture, basketry and singing, the Yurok world view and traditions; Karuk veteran stories; Wiyot history and stories; Hupa history, culture and music and Tolowa history.</subfield></datafield><datafield tag="546" ind1=" " ind2=" "><subfield code="a">English</subfield></datafield><datafield tag="650" ind1=" " ind2="0"><subfield code="a">Indians of North America</subfield><subfield code="z">California, Northern</subfield><subfield code="v">Biography.</subfield></datafield><datafield tag="650" ind1=" " ind2="0"><subfield code="a">Hupa Indians.</subfield><subfield code="0">http://id.loc.gov/authorities/subjects/sh85063161</subfield></datafield><datafield tag="650" ind1=" " ind2="0"><subfield code="a">Karuk Indians.</subfield></datafield><datafield tag="650" ind1=" " ind2="0"><subfield code="a">Tolowa Indians.</subfield><subfield code="0">http://id.loc.gov/authorities/subjects/sh85135902</subfield></datafield><datafield tag="650" ind1=" " ind2="0"><subfield code="a">Wiyot Indians.</subfield><subfield code="0">http://id.loc.gov/authorities/subjects/sh85147194</subfield></datafield><datafield tag="650" ind1=" " ind2="6"><subfield code="a">Hupa.</subfield></datafield><datafield tag="650" ind1=" " ind2="6"><subfield code="a">Karok.</subfield></datafield><datafield tag="650" ind1=" " ind2="6"><subfield code="a">Tolowa.</subfield></datafield><datafield tag="650" ind1=" " ind2="6"><subfield code="a">Wiyot.</subfield></datafield><datafield tag="650" ind1=" " ind2="7"><subfield code="a">Hupa Indians</subfield><subfield code="2">fast</subfield></datafield><datafield tag="650" ind1=" " ind2="7"><subfield code="a">Indians of North America</subfield><subfield code="2">fast</subfield></datafield><datafield tag="650" ind1=" " ind2="7"><subfield code="a">Karuk Indians</subfield><subfield code="2">fast</subfield></datafield><datafield tag="650" ind1=" " ind2="7"><subfield code="a">Tolowa Indians</subfield><subfield code="2">fast</subfield></datafield><datafield tag="650" ind1=" " ind2="7"><subfield code="a">Wiyot Indians</subfield><subfield code="2">fast</subfield></datafield><datafield tag="651" ind1=" " ind2="7"><subfield code="a">Northern California</subfield><subfield code="2">fast</subfield></datafield><datafield tag="655" ind1=" " ind2="2"><subfield code="a">Biography</subfield></datafield><datafield tag="655" ind1=" " ind2="7"><subfield code="a">Biographies</subfield><subfield code="2">fast</subfield></datafield><datafield tag="655" ind1=" " ind2="7"><subfield code="a">Biographies.</subfield><subfield code="2">lcgft</subfield><subfield code="0">http://id.loc.gov/authorities/genreForms/gf2014026049</subfield></datafield><datafield tag="655" ind1=" " ind2="7"><subfield code="a">Biographies.</subfield><subfield code="2">rvmgf</subfield></datafield><datafield tag="700" ind1="1" ind2=" "><subfield code="a">Kraepelien, Jan.</subfield></datafield><datafield tag="758" ind1=" " ind2=" "><subfield code="i">has work:</subfield><subfield code="a">1999-2001 Indigenous Living Biographies Collection (Work)</subfield><subfield code="1">https://id.oclc.org/worldcat/entity/E39PCGmMK6KyKWgYtQXfrCbFfC</subfield><subfield code="4">https://id.oclc.org/worldcat/ontology/hasWork</subfield></datafield><datafield tag="856" ind1="4" ind2="1"><subfield code="u">https://specialcollections.humboldt.edu/indigenous-living-biographies-collection-finding-aid</subfield></datafield><datafield tag="973" ind1="0" ind2=" "><subfield code="a">Finding Aids at Cal Poly Humboldt University</subfield><subfield code="9">LOCAL</subfield></datafield><datafield tag="994" ind1=" " ind2=" "><subfield code="a">92</subfield><subfield code="b">CAC</subfield></datafield><datafield tag="995" ind1=" " ind2=" "><subfield code="a">CSU ongoing load collection</subfield><subfield code="b">2024-07-16</subfield><subfield code="c">WorldCat record variable field(s) change: 650, 651, 655</subfield><subfield code="d">CSU interim load</subfield><subfield code="e">UPDATED</subfield></datafield></record>