<record><leader>01730cpcaa2200289 i 4500</leader><controlfield tag="001">999688648102909</controlfield><controlfield tag="005">20241018213017.0</controlfield><controlfield tag="008">180821nuuuuuuuucau     o           eng  </controlfield><datafield tag="035" ind1=" " ind2=" "><subfield code="a">(OCoLC)1049152258</subfield></datafield><datafield tag="035" ind1=" " ind2=" "><subfield code="a">(OCoLC)on1049152258</subfield></datafield><datafield tag="035" ind1=" " ind2=" "><subfield code="a">(EXLNZ-01CALS_NETWORK)991069743301402901</subfield></datafield><datafield tag="040" ind1=" " ind2=" "><subfield code="a">CHU</subfield><subfield code="b">eng</subfield><subfield code="e">rda</subfield><subfield code="c">CHU</subfield><subfield code="d">OCLCF</subfield><subfield code="d">CHU</subfield><subfield code="d">OCLCQ</subfield><subfield code="d">OCLCO</subfield><subfield code="d">OCLCL</subfield><subfield code="d">OCLCO</subfield></datafield><datafield tag="043" ind1=" " ind2=" "><subfield code="a">n-us-ca</subfield></datafield><datafield tag="050" ind1=" " ind2="4"><subfield code="a">LD729.6.A6</subfield><subfield code="b">H787</subfield></datafield><datafield tag="110" ind1="2" ind2=" "><subfield code="a">Humboldt State University.</subfield><subfield code="b">Offices of Public Affairs and University Relations,</subfield><subfield code="e">collection creator.</subfield></datafield><datafield tag="245" ind1="1" ind2="0"><subfield code="a">HSU Public Affairs Collection :</subfield><subfield code="b">Finding Aid,</subfield><subfield code="f">ca 1930s - early 2000s.</subfield></datafield><datafield tag="300" ind1=" " ind2=" "><subfield code="a">approximately 60 cubic ft.</subfield></datafield><datafield tag="336" ind1=" " ind2=" "><subfield code="a">text</subfield><subfield code="b">txt</subfield><subfield code="2">rdacontent</subfield></datafield><datafield tag="337" ind1=" " ind2=" "><subfield code="a">computer</subfield><subfield code="b">c</subfield><subfield code="2">rdamedia</subfield></datafield><datafield tag="338" ind1=" " ind2=" "><subfield code="a">online resource</subfield><subfield code="b">cr</subfield><subfield code="2">rdacarrier</subfield></datafield><datafield tag="520" ind1="3" ind2=" "><subfield code="a">The HSU Public Affairs Collection consists of news releases and photographs produced by the Office of Public Affairs and its successor in 1982, the Office of University Relations. Also included are newspaper clippings about the University. Primary coverage is from the 1950s through the 1990s with additional material dating back to the founding of the College in 1913 and coming into the early 2000s. Digital creation and storage of these functions began in the mid-2000s and was formalized when the office became Marketing &amp; Communications in 2007.</subfield></datafield><datafield tag="546" ind1=" " ind2=" "><subfield code="a">English</subfield></datafield><datafield tag="610" ind1="2" ind2="0"><subfield code="a">Humboldt State University</subfield><subfield code="x">History.</subfield></datafield><datafield tag="610" ind1="2" ind2="7"><subfield code="a">Humboldt State University</subfield><subfield code="2">fast</subfield><subfield code="1">https://id.oclc.org/worldcat/entity/E39QH7JmqkDrRVDh9vKCVMX4kt</subfield></datafield><datafield tag="655" ind1=" " ind2="7"><subfield code="a">History</subfield><subfield code="2">fast</subfield></datafield><datafield tag="856" ind1="4" ind2="1"><subfield code="u">https://specialcollections.humboldt.edu/hsu-public-affairs-collection-finding-aid</subfield></datafield><datafield tag="973" ind1="0" ind2=" "><subfield code="a">Finding Aids at Cal Poly Humboldt University</subfield><subfield code="9">LOCAL</subfield></datafield><datafield tag="994" ind1=" " ind2=" "><subfield code="a">92</subfield><subfield code="b">CAC</subfield></datafield><datafield tag="995" ind1=" " ind2=" "><subfield code="a">CSU ongoing load collection</subfield><subfield code="b">2024-10-18</subfield><subfield code="c">WorldCat record variable field(s) change: 610, 655</subfield><subfield code="d">CSU interim load</subfield><subfield code="e">UPDATED</subfield></datafield></record>