<record><leader>01441cpcaa2200289 i 4500</leader><controlfield tag="001">999688648202909</controlfield><controlfield tag="005">20220222213023.0</controlfield><controlfield tag="008">180821nuuuuuuuuxx      o           eng  </controlfield><datafield tag="035" ind1=" " ind2=" "><subfield code="a">(OCoLC)1049152166</subfield></datafield><datafield tag="035" ind1=" " ind2=" "><subfield code="a">(OCoLC)on1049152166</subfield></datafield><datafield tag="035" ind1=" " ind2=" "><subfield code="a">(EXLNZ-01CALS_NETWORK)991069743301502901</subfield></datafield><datafield tag="040" ind1=" " ind2=" "><subfield code="a">CHU</subfield><subfield code="b">eng</subfield><subfield code="e">rda</subfield><subfield code="c">CHU</subfield><subfield code="d">OCLCF</subfield><subfield code="d">OCLCQ</subfield></datafield><datafield tag="043" ind1=" " ind2=" "><subfield code="a">n-us-ca</subfield></datafield><datafield tag="100" ind1="1" ind2=" "><subfield code="a">Hoyle, True.,</subfield><subfield code="e">collection creator.</subfield></datafield><datafield tag="245" ind1="1" ind2="0"><subfield code="a">Hoyle (True) Collection :</subfield><subfield code="b">Finding Aid,</subfield><subfield code="f">1880-2001.</subfield></datafield><datafield tag="300" ind1=" " ind2=" "><subfield code="a">20 x 14 x 3.5 in.</subfield></datafield><datafield tag="336" ind1=" " ind2=" "><subfield code="a">text</subfield><subfield code="b">txt</subfield><subfield code="2">rdacontent</subfield></datafield><datafield tag="337" ind1=" " ind2=" "><subfield code="a">computer</subfield><subfield code="b">c</subfield><subfield code="2">rdamedia</subfield></datafield><datafield tag="338" ind1=" " ind2=" "><subfield code="a">online resource</subfield><subfield code="b">cr</subfield><subfield code="2">rdacarrier</subfield></datafield><datafield tag="520" ind1="3" ind2=" "><subfield code="a">The True Hoyle collection consists of photographs, newspapers clippings, and documents related to True Dolson Hoyle and her family spanning two generations. In addition, there are transcribed letters written between True and her family when she attended Humboldt State University. This collection documents the Dolson Hoyle family who were prominent members of the Humboldt County community.</subfield></datafield><datafield tag="546" ind1=" " ind2=" "><subfield code="a">English</subfield></datafield><datafield tag="651" ind1=" " ind2="0"><subfield code="a">Arcata (Calif.)</subfield><subfield code="x">History.</subfield></datafield><datafield tag="651" ind1=" " ind2="0"><subfield code="a">Arcata (Calif.)</subfield></datafield><datafield tag="651" ind1=" " ind2="7"><subfield code="a">California</subfield><subfield code="z">Arcata.</subfield><subfield code="2">fast</subfield><subfield code="0">(OCoLC)fst01202811</subfield></datafield><datafield tag="655" ind1=" " ind2="7"><subfield code="a">History.</subfield><subfield code="2">fast</subfield><subfield code="0">(OCoLC)fst01411628</subfield></datafield><datafield tag="856" ind1="4" ind2="1"><subfield code="u">http://library.humboldt.edu/humco/holdings/HoyleAid.html</subfield></datafield><datafield tag="973" ind1="0" ind2=" "><subfield code="a">Finding Aids at Cal Poly Humboldt University</subfield><subfield code="9">LOCAL</subfield></datafield><datafield tag="994" ind1=" " ind2=" "><subfield code="a">92</subfield><subfield code="b">CAC</subfield></datafield><datafield tag="995" ind1=" " ind2=" "><subfield code="a">CSU ongoing load collection</subfield><subfield code="b">2022-02-22</subfield><subfield code="c">WorldCat record encoding level change - WorldCat record variable field(s) change: 043, 245, 300, 520, 856</subfield><subfield code="d">CSU interim load</subfield><subfield code="e">UPDATED</subfield></datafield></record>