<record><leader>01415cpcaa2200301 i 4500</leader><controlfield tag="001">999688648302909</controlfield><controlfield tag="005">20241026213017.0</controlfield><controlfield tag="008">180821nuuuuuuuuxx      o           eng  </controlfield><datafield tag="035" ind1=" " ind2=" "><subfield code="a">(OCoLC)1049151945</subfield></datafield><datafield tag="035" ind1=" " ind2=" "><subfield code="a">(OCoLC)on1049151945</subfield></datafield><datafield tag="035" ind1=" " ind2=" "><subfield code="a">(EXLNZ-01CALS_NETWORK)991069743301602901</subfield></datafield><datafield tag="040" ind1=" " ind2=" "><subfield code="a">CHU</subfield><subfield code="b">eng</subfield><subfield code="e">rda</subfield><subfield code="c">CHU</subfield><subfield code="d">OCLCF</subfield><subfield code="d">CHU</subfield><subfield code="d">OCLCQ</subfield><subfield code="d">OCLCO</subfield><subfield code="d">OCLCA</subfield><subfield code="d">OCLCQ</subfield><subfield code="d">OCLCO</subfield><subfield code="d">OCLCQ</subfield><subfield code="d">OCLCO</subfield></datafield><datafield tag="050" ind1=" " ind2="4"><subfield code="a">E78.C15</subfield><subfield code="b">H6</subfield></datafield><datafield tag="100" ind1="1" ind2=" "><subfield code="a">Hover, Elsie E.,</subfield><subfield code="e">collection creator.</subfield></datafield><datafield tag="245" ind1="1" ind2="0"><subfield code="a">Hover Photograph Collection :</subfield><subfield code="b">Finding Aid,</subfield><subfield code="f">ca 1900-1920.</subfield></datafield><datafield tag="300" ind1=" " ind2=" "><subfield code="a">47 photographic prints, 1 digital print, 48 photographic negatives</subfield></datafield><datafield tag="336" ind1=" " ind2=" "><subfield code="a">text</subfield><subfield code="b">txt</subfield><subfield code="2">rdacontent</subfield></datafield><datafield tag="337" ind1=" " ind2=" "><subfield code="a">computer</subfield><subfield code="b">c</subfield><subfield code="2">rdamedia</subfield></datafield><datafield tag="338" ind1=" " ind2=" "><subfield code="a">online resource</subfield><subfield code="b">cr</subfield><subfield code="2">rdacarrier</subfield></datafield><datafield tag="520" ind1="3" ind2=" "><subfield code="a">The Hover Collection contains 48 images depicting early 1900s life along the Klamath River in Humboldt and Siskiyou counties, California within the Karuk Indian homeland region. The images present activities of ceremonial significance as well as everyday Native American life, plus portraits, landscapes, and basket collections.</subfield></datafield><datafield tag="546" ind1=" " ind2=" "><subfield code="a">English</subfield></datafield><datafield tag="650" ind1=" " ind2="0"><subfield code="a">Karuk Indians.</subfield></datafield><datafield tag="650" ind1=" " ind2="0"><subfield code="a">Karuk baskets.</subfield></datafield><datafield tag="650" ind1=" " ind2="6"><subfield code="a">Karok.</subfield></datafield><datafield tag="650" ind1=" " ind2="7"><subfield code="a">Karuk baskets</subfield><subfield code="2">fast</subfield></datafield><datafield tag="650" ind1=" " ind2="7"><subfield code="a">Karuk Indians</subfield><subfield code="2">fast</subfield></datafield><datafield tag="856" ind1="4" ind2="1"><subfield code="u">https://specialcollections.humboldt.edu/true-hoyle-collection-finding-aid</subfield></datafield><datafield tag="973" ind1="0" ind2=" "><subfield code="a">Finding Aids at Cal Poly Humboldt University</subfield><subfield code="9">LOCAL</subfield></datafield><datafield tag="994" ind1=" " ind2=" "><subfield code="a">92</subfield><subfield code="b">CAC</subfield></datafield><datafield tag="995" ind1=" " ind2=" "><subfield code="a">CSU ongoing load collection</subfield><subfield code="b">2024-10-26</subfield><subfield code="c">WorldCat record variable field(s) change: 650</subfield><subfield code="d">CSU interim load</subfield><subfield code="e">UPDATED</subfield></datafield></record>