<record><leader>01721cpcaa2200313 i 4500</leader><controlfield tag="001">999688648402909</controlfield><controlfield tag="005">20220222213023.0</controlfield><controlfield tag="008">180821nuuuuuuuuxx      o           eng  </controlfield><datafield tag="035" ind1=" " ind2=" "><subfield code="a">(OCoLC)1049152133</subfield></datafield><datafield tag="035" ind1=" " ind2=" "><subfield code="a">(OCoLC)on1049152133</subfield></datafield><datafield tag="035" ind1=" " ind2=" "><subfield code="a">(EXLNZ-01CALS_NETWORK)991069743301702901</subfield></datafield><datafield tag="040" ind1=" " ind2=" "><subfield code="a">CHU</subfield><subfield code="b">eng</subfield><subfield code="e">rda</subfield><subfield code="c">CHU</subfield><subfield code="d">OCLCF</subfield><subfield code="d">CHU</subfield><subfield code="d">OCLCQ</subfield></datafield><datafield tag="043" ind1=" " ind2=" "><subfield code="a">n-us-ca</subfield></datafield><datafield tag="245" ind1="0" ind2="0"><subfield code="a">Herrick Land Survey and Map Collection :</subfield><subfield code="b">Finding Aid,</subfield><subfield code="f">ca1890-1930.</subfield></datafield><datafield tag="300" ind1=" " ind2=" "><subfield code="a">251 items</subfield></datafield><datafield tag="336" ind1=" " ind2=" "><subfield code="a">text</subfield><subfield code="b">txt</subfield><subfield code="2">rdacontent</subfield></datafield><datafield tag="337" ind1=" " ind2=" "><subfield code="a">computer</subfield><subfield code="b">c</subfield><subfield code="2">rdamedia</subfield></datafield><datafield tag="338" ind1=" " ind2=" "><subfield code="a">online resource</subfield><subfield code="b">cr</subfield><subfield code="2">rdacarrier</subfield></datafield><datafield tag="520" ind1="3" ind2=" "><subfield code="a">The Herrick Land Survey and Map Collection consists of land survey drawings and maps of Humboldt County, including a few of areas in Del Norte County (California) covering the 1890 - 1930 time period. The vast majority of surveys and maps were drawn by F.E. Herrick. The collection includes a few engineering drawings.</subfield></datafield><datafield tag="500" ind1=" " ind2=" "><subfield code="a">Frank E. Herrick (1861 - 1939?) is the surveyor for the vast majority of the maps. Other surveyors include: J.R. Porter, W.T. Thomas, W.F Hunter, J.A. Shaw, H.S. Richardson.</subfield></datafield><datafield tag="546" ind1=" " ind2=" "><subfield code="a">English</subfield></datafield><datafield tag="650" ind1=" " ind2="0"><subfield code="a">Land use</subfield><subfield code="z">California</subfield><subfield code="z">Del Norte County.</subfield></datafield><datafield tag="650" ind1=" " ind2="7"><subfield code="a">Land use.</subfield><subfield code="2">fast</subfield><subfield code="0">(OCoLC)fst00991472</subfield></datafield><datafield tag="651" ind1=" " ind2="0"><subfield code="a">Humboldt County (Calif.)</subfield><subfield code="x">History.</subfield></datafield><datafield tag="651" ind1=" " ind2="7"><subfield code="a">California</subfield><subfield code="z">Del Norte County.</subfield><subfield code="2">fast</subfield><subfield code="0">(OCoLC)fst01215841</subfield></datafield><datafield tag="651" ind1=" " ind2="7"><subfield code="a">California</subfield><subfield code="z">Humboldt County.</subfield><subfield code="2">fast</subfield><subfield code="0">(OCoLC)fst01214282</subfield></datafield><datafield tag="655" ind1=" " ind2="7"><subfield code="a">History.</subfield><subfield code="2">fast</subfield><subfield code="0">(OCoLC)fst01411628</subfield></datafield><datafield tag="856" ind1="4" ind2="1"><subfield code="u">https://specialcollections.humboldt.edu/herrick-land-survey-and-map-collection-finding-aid</subfield></datafield><datafield tag="973" ind1="0" ind2=" "><subfield code="a">Finding Aids at Cal Poly Humboldt University</subfield><subfield code="9">LOCAL</subfield></datafield><datafield tag="994" ind1=" " ind2=" "><subfield code="a">92</subfield><subfield code="b">CAC</subfield></datafield><datafield tag="995" ind1=" " ind2=" "><subfield code="a">CSU ongoing load collection</subfield><subfield code="b">2022-02-22</subfield><subfield code="c">WorldCat record encoding level change - WorldCat record variable field(s) change: 043, 245, 500, 520, 856</subfield><subfield code="d">CSU interim load</subfield><subfield code="e">UPDATED</subfield></datafield></record>