<record><leader>02724cpcaa2200589 i 4500</leader><controlfield tag="001">999688649502909</controlfield><controlfield tag="005">20230921213019.0</controlfield><controlfield tag="008">180820nuuuuuuuuxx      o           eng  </controlfield><datafield tag="035" ind1=" " ind2=" "><subfield code="a">(OCoLC)1048898072</subfield></datafield><datafield tag="035" ind1=" " ind2=" "><subfield code="a">(OCoLC)on1048898072</subfield></datafield><datafield tag="035" ind1=" " ind2=" "><subfield code="a">(EXLNZ-01CALS_NETWORK)991069743503402901</subfield></datafield><datafield tag="040" ind1=" " ind2=" "><subfield code="a">CHU</subfield><subfield code="b">eng</subfield><subfield code="c">CHU</subfield><subfield code="d">OCLCQ</subfield><subfield code="d">OCLCF</subfield><subfield code="d">CHU</subfield><subfield code="d">OCLCQ</subfield><subfield code="d">OCLCO</subfield><subfield code="d">OCL</subfield><subfield code="d">OCLCO</subfield></datafield><datafield tag="043" ind1=" " ind2=" "><subfield code="a">n-us-ca</subfield></datafield><datafield tag="100" ind1="1" ind2=" "><subfield code="a">Shuster, Merle (1921-2006),</subfield><subfield code="e">collection creator.</subfield></datafield><datafield tag="245" ind1="1" ind2="0"><subfield code="a">Shuster Aerial Photograph Collection :</subfield><subfield code="b">Finding Aid,</subfield><subfield code="f">1946-1968</subfield><subfield code="g">(bulk 1947-1963).</subfield></datafield><datafield tag="300" ind1=" " ind2=" "><subfield code="a">3 cubic feet; approximately 2400 items</subfield></datafield><datafield tag="336" ind1=" " ind2=" "><subfield code="a">text</subfield><subfield code="b">txt</subfield><subfield code="2">rdacontent</subfield></datafield><datafield tag="337" ind1=" " ind2=" "><subfield code="a">computer</subfield><subfield code="b">c</subfield><subfield code="2">rdamedia</subfield></datafield><datafield tag="338" ind1=" " ind2=" "><subfield code="a">online resource</subfield><subfield code="b">cr</subfield><subfield code="2">rdacarrier</subfield></datafield><datafield tag="520" ind1="3" ind2=" "><subfield code="a">Between 1946 and the mid 1960s Merle Shuster was hired by land developers, timber owners, and lumber mill owners to photograph specific sites. Approximately half the images in the collection come from these assignments and the other half are what Mr. Shuster chose to photograph as he was flying to and from the designated site. Most of the images are taken at an oblique angle, giving the viewer a richer sense of the landscape. Scenes from the burgeoning post-war lumber industry on Humboldt Bay and nearby coastal areas form the majority of the collection. Other scenes include rivers, country roads and farmsteads, small towns, and stunning landscapes. Humboldt Bay, Eureka, Arcata, Trinidad, and Crescent City are particularly well documented.</subfield></datafield><datafield tag="546" ind1=" " ind2=" "><subfield code="a">English.</subfield></datafield><datafield tag="650" ind1=" " ind2="0"><subfield code="a">Aerial photography.</subfield></datafield><datafield tag="650" ind1=" " ind2="0"><subfield code="a">Forests and forestry.</subfield></datafield><datafield tag="650" ind1=" " ind2="0"><subfield code="a">Housing.</subfield></datafield><datafield tag="650" ind1=" " ind2="0"><subfield code="a">Land use.</subfield></datafield><datafield tag="650" ind1=" " ind2="0"><subfield code="a">Lumbering.</subfield></datafield><datafield tag="650" ind1=" " ind2="0"><subfield code="a">Transportation.</subfield></datafield><datafield tag="650" ind1=" " ind2="0"><subfield code="a">Logging.</subfield></datafield><datafield tag="650" ind1=" " ind2="6"><subfield code="a">Photographie aérienne.</subfield></datafield><datafield tag="650" ind1=" " ind2="6"><subfield code="a">Utilisation du sol.</subfield></datafield><datafield tag="650" ind1=" " ind2="6"><subfield code="a">Forêts</subfield><subfield code="x">Exploitation.</subfield></datafield><datafield tag="650" ind1=" " ind2="6"><subfield code="a">Transport.</subfield></datafield><datafield tag="650" ind1=" " ind2="7"><subfield code="a">aerial photography.</subfield><subfield code="2">aat</subfield></datafield><datafield tag="650" ind1=" " ind2="7"><subfield code="a">transportation.</subfield><subfield code="2">aat</subfield></datafield><datafield tag="650" ind1=" " ind2="7"><subfield code="a">Logging</subfield><subfield code="2">fast</subfield></datafield><datafield tag="650" ind1=" " ind2="7"><subfield code="a">Aerial photography</subfield><subfield code="2">fast</subfield></datafield><datafield tag="650" ind1=" " ind2="7"><subfield code="a">Forests and forestry</subfield><subfield code="2">fast</subfield></datafield><datafield tag="650" ind1=" " ind2="7"><subfield code="a">Housing</subfield><subfield code="2">fast</subfield></datafield><datafield tag="650" ind1=" " ind2="7"><subfield code="a">Land use</subfield><subfield code="2">fast</subfield></datafield><datafield tag="650" ind1=" " ind2="7"><subfield code="a">Lumbering</subfield><subfield code="2">fast</subfield></datafield><datafield tag="650" ind1=" " ind2="7"><subfield code="a">Transportation</subfield><subfield code="2">fast</subfield></datafield><datafield tag="651" ind1=" " ind2="0"><subfield code="a">Arcata (Calif.)</subfield></datafield><datafield tag="651" ind1=" " ind2="0"><subfield code="a">Eureka (Calif.)</subfield></datafield><datafield tag="651" ind1=" " ind2="0"><subfield code="a">Humboldt Bay (Calif.)</subfield></datafield><datafield tag="651" ind1=" " ind2="0"><subfield code="a">Humboldt County (Calif.)</subfield></datafield><datafield tag="651" ind1=" " ind2="6"><subfield code="a">Humboldt, Baie de (Calif.)</subfield></datafield><datafield tag="651" ind1=" " ind2="7"><subfield code="a">California</subfield><subfield code="z">Arcata</subfield><subfield code="2">fast</subfield></datafield><datafield tag="651" ind1=" " ind2="7"><subfield code="a">California</subfield><subfield code="z">Eureka</subfield><subfield code="2">fast</subfield></datafield><datafield tag="651" ind1=" " ind2="7"><subfield code="a">California</subfield><subfield code="z">Humboldt County</subfield><subfield code="2">fast</subfield></datafield><datafield tag="651" ind1=" " ind2="7"><subfield code="a">Pacific Ocean</subfield><subfield code="z">Humboldt Bay</subfield><subfield code="2">fast</subfield></datafield><datafield tag="856" ind1="4" ind2="1"><subfield code="u">https://specialcollections.humboldt.edu/shuster-aerial-photograph-collection-finding-aid</subfield></datafield><datafield tag="973" ind1="0" ind2=" "><subfield code="a">Finding Aids at Cal Poly Humboldt University</subfield><subfield code="9">LOCAL</subfield></datafield><datafield tag="994" ind1=" " ind2=" "><subfield code="a">92</subfield><subfield code="b">CAC</subfield></datafield><datafield tag="995" ind1=" " ind2=" "><subfield code="a">CSU ongoing load collection</subfield><subfield code="b">2023-09-21</subfield><subfield code="c">WorldCat record variable field(s) change: 650, 651</subfield><subfield code="d">CSU interim load</subfield><subfield code="e">UPDATED</subfield></datafield></record>