<record><leader>01814cpcaa2200325 i 4500</leader><controlfield tag="001">999688649702909</controlfield><controlfield tag="005">20230526213015.0</controlfield><controlfield tag="008">180820nuuuuuuuuxx      o           eng  </controlfield><datafield tag="035" ind1=" " ind2=" "><subfield code="a">(OCoLC)1048897982</subfield></datafield><datafield tag="035" ind1=" " ind2=" "><subfield code="a">(OCoLC)on1048897982</subfield></datafield><datafield tag="035" ind1=" " ind2=" "><subfield code="a">(EXLNZ-01CALS_NETWORK)991069743503702901</subfield></datafield><datafield tag="040" ind1=" " ind2=" "><subfield code="a">CHU</subfield><subfield code="b">eng</subfield><subfield code="e">rda</subfield><subfield code="c">CHU</subfield><subfield code="d">OCLCF</subfield><subfield code="d">CHU</subfield><subfield code="d">OCLCQ</subfield><subfield code="d">OCLCO</subfield><subfield code="d">OCLCA</subfield></datafield><datafield tag="043" ind1=" " ind2=" "><subfield code="a">n-us-or</subfield><subfield code="a">n-us-ca</subfield></datafield><datafield tag="050" ind1=" " ind2="4"><subfield code="a">E78.C15</subfield><subfield code="b">R62</subfield></datafield><datafield tag="100" ind1="3" ind2=" "><subfield code="a">Ruth K. Roberts and Arnold R. Pilling,</subfield><subfield code="e">collection creator.</subfield></datafield><datafield tag="245" ind1="1" ind2="0"><subfield code="a">Roberts Photograph Collection :</subfield><subfield code="b">Finding Aid,</subfield><subfield code="f">circa 1915-1933.</subfield></datafield><datafield tag="300" ind1=" " ind2=" "><subfield code="a">536 photographic prints and descriptive catalog</subfield></datafield><datafield tag="336" ind1=" " ind2=" "><subfield code="a">text</subfield><subfield code="b">txt</subfield><subfield code="2">rdacontent</subfield></datafield><datafield tag="337" ind1=" " ind2=" "><subfield code="a">computer</subfield><subfield code="b">c</subfield><subfield code="2">rdamedia</subfield></datafield><datafield tag="338" ind1=" " ind2=" "><subfield code="a">online resource</subfield><subfield code="b">cr</subfield><subfield code="2">rdacarrier</subfield></datafield><datafield tag="520" ind1="3" ind2=" "><subfield code="a">The Roberts Photograph Collection documents life on the Yurok Indian Reservation along the lower Klamath River in northwestern California, primarily during the period of 1915 to 1933. It is the private collection of Mrs. Ruth Kellet Roberts, containing 536 photographs, many of them taken by Mrs. Roberts herself as an amateur photographer. They include photographs of her many friends in the Yurok Indian community and their daily activities and ceremonies, early photographs of the town of Requa, of the Pecwan-Johnsons area, and various landscape features of the surrounding area.</subfield></datafield><datafield tag="546" ind1=" " ind2=" "><subfield code="a">English</subfield></datafield><datafield tag="650" ind1=" " ind2="0"><subfield code="a">Yurok Indians.</subfield></datafield><datafield tag="650" ind1=" " ind2="6"><subfield code="a">Yurok.</subfield></datafield><datafield tag="650" ind1=" " ind2="7"><subfield code="a">Yurok Indians.</subfield><subfield code="2">fast</subfield><subfield code="0">(OCoLC)fst01183936</subfield></datafield><datafield tag="651" ind1=" " ind2="0"><subfield code="a">Klamath River (Or. and Calif.)</subfield></datafield><datafield tag="651" ind1=" " ind2="6"><subfield code="a">Klamath (Or. et Calif. : Fleuve)</subfield></datafield><datafield tag="651" ind1=" " ind2="7"><subfield code="a">United States</subfield><subfield code="z">Klamath River.</subfield><subfield code="2">fast</subfield><subfield code="0">(OCoLC)fst01310509</subfield></datafield><datafield tag="856" ind1="4" ind2="1"><subfield code="u">https://specialcollections.humboldt.edu/roberts-photograph-collection-finding-aid</subfield></datafield><datafield tag="973" ind1="0" ind2=" "><subfield code="a">Finding Aids at Cal Poly Humboldt University</subfield><subfield code="9">LOCAL</subfield></datafield><datafield tag="994" ind1=" " ind2=" "><subfield code="a">92</subfield><subfield code="b">CAC</subfield></datafield><datafield tag="995" ind1=" " ind2=" "><subfield code="a">CSU ongoing load collection</subfield><subfield code="b">2023-05-26</subfield><subfield code="c">WorldCat record variable field(s) change: 650</subfield><subfield code="d">CSU interim load</subfield><subfield code="e">UPDATED</subfield></datafield></record>