<record><leader>02828cpcaa2200397 i 4500</leader><controlfield tag="001">999688649802909</controlfield><controlfield tag="005">20241104213016.0</controlfield><controlfield tag="008">180820nuuuuuuuuxx      o           eng  </controlfield><datafield tag="035" ind1=" " ind2=" "><subfield code="a">(OCoLC)1048898002</subfield></datafield><datafield tag="035" ind1=" " ind2=" "><subfield code="a">(OCoLC)on1048898002</subfield></datafield><datafield tag="035" ind1=" " ind2=" "><subfield code="a">(EXLNZ-01CALS_NETWORK)991069743503802901</subfield></datafield><datafield tag="040" ind1=" " ind2=" "><subfield code="a">CHU</subfield><subfield code="b">eng</subfield><subfield code="e">rda</subfield><subfield code="c">CHU</subfield><subfield code="d">OCLCF</subfield><subfield code="d">CHU</subfield><subfield code="d">OCLCQ</subfield><subfield code="d">OCLCO</subfield><subfield code="d">OCLCL</subfield><subfield code="d">OCLCQ</subfield><subfield code="d">OCLCO</subfield></datafield><datafield tag="043" ind1=" " ind2=" "><subfield code="a">n-us-ca</subfield></datafield><datafield tag="100" ind1="1" ind2=" "><subfield code="a">Palmquist, Peter E.,</subfield><subfield code="e">collection creator.</subfield></datafield><datafield tag="245" ind1="1" ind2="0"><subfield code="a">Palmquist/Yale Digital Collection :</subfield><subfield code="b">Finding Aid,</subfield><subfield code="f">1860s-1980s</subfield><subfield code="g">(bulk 1920s-1960s).</subfield></datafield><datafield tag="300" ind1=" " ind2=" "><subfield code="a">740 digital images</subfield></datafield><datafield tag="336" ind1=" " ind2=" "><subfield code="a">text</subfield><subfield code="b">txt</subfield><subfield code="2">rdacontent</subfield></datafield><datafield tag="337" ind1=" " ind2=" "><subfield code="a">computer</subfield><subfield code="b">c</subfield><subfield code="2">rdamedia</subfield></datafield><datafield tag="338" ind1=" " ind2=" "><subfield code="a">online resource</subfield><subfield code="b">cr</subfield><subfield code="2">rdacarrier</subfield></datafield><datafield tag="520" ind1="3" ind2=" "><subfield code="a">Through an agreement between Yale's Beinecke Rare Book and Manuscript Library and Humboldt State University's Library, 740 images from the Peter Palmquist Collection at the Beinecke were digitized there and then cataloged at the HSU Library. Some highlights of this digital collection are: Highway 101 and landscape views from the 1940s, a fire engulfing the Sound Lumber Co. in Arcata in 1965, main streets of many of the region's smaller communities, auto camp businesses catering to tourists on the Redwood Highway, national figures campaigning in the area such as Robert Kennedy and Barry Goldwater, industrial activity on Humboldt Bay, and images of Hoopa from Nellie McGraw's circa 1901 photo album. Several batches of images were taken by Palmquist himself. Peter was a professional photographer; his artistic and technical abilities are evident in his images. Until now Palmquist's images have not been widely available in his home region.</subfield></datafield><datafield tag="546" ind1=" " ind2=" "><subfield code="a">English</subfield></datafield><datafield tag="650" ind1=" " ind2="0"><subfield code="a">Photographers</subfield><subfield code="z">California</subfield><subfield code="z">Humboldt County.</subfield></datafield><datafield tag="650" ind1=" " ind2="0"><subfield code="a">Photography</subfield><subfield code="z">California</subfield><subfield code="z">Humboldt County</subfield><subfield code="x">History.</subfield></datafield><datafield tag="650" ind1=" " ind2="6"><subfield code="a">Photographes</subfield><subfield code="z">Californie</subfield><subfield code="z">Humboldt.</subfield></datafield><datafield tag="650" ind1=" " ind2="6"><subfield code="a">Photographie</subfield><subfield code="z">Californie</subfield><subfield code="z">Humboldt</subfield><subfield code="x">Histoire.</subfield></datafield><datafield tag="650" ind1=" " ind2="7"><subfield code="a">Photographers</subfield><subfield code="2">fast</subfield></datafield><datafield tag="650" ind1=" " ind2="7"><subfield code="a">Photography</subfield><subfield code="2">fast</subfield></datafield><datafield tag="651" ind1=" " ind2="0"><subfield code="a">Humboldt County (Calif.)</subfield><subfield code="x">History</subfield><subfield code="v">Pictorial works.</subfield></datafield><datafield tag="651" ind1=" " ind2="7"><subfield code="a">California</subfield><subfield code="z">Humboldt County</subfield><subfield code="2">fast</subfield><subfield code="1">https://id.oclc.org/worldcat/entity/E39PBJj4xJB7k34yxdjP6xRdwC</subfield></datafield><datafield tag="600" ind1="1" ind2="0"><subfield code="a">Palmquist, Peter E.</subfield><subfield code="0">http://id.loc.gov/authorities/names/n82001455</subfield></datafield><datafield tag="600" ind1="1" ind2="7"><subfield code="a">Palmquist, Peter E.</subfield><subfield code="2">fast</subfield><subfield code="1">https://id.oclc.org/worldcat/entity/E39PBJjhFm8hq3BRtQhJBGB773</subfield></datafield><datafield tag="655" ind1=" " ind2="7"><subfield code="a">History</subfield><subfield code="2">fast</subfield></datafield><datafield tag="655" ind1=" " ind2="7"><subfield code="a">Illustrated works</subfield><subfield code="2">fast</subfield></datafield><datafield tag="758" ind1=" " ind2=" "><subfield code="i">has work:</subfield><subfield code="a">Palmquist/Yale Digital Collection 1860s-1980s (bulk 1920s-1960s) (Work)</subfield><subfield code="1">https://id.oclc.org/worldcat/entity/E39PCFT4h6Dy8D3vCVCwrjVjYP</subfield><subfield code="4">https://id.oclc.org/worldcat/ontology/hasWork</subfield></datafield><datafield tag="856" ind1="4" ind2="1"><subfield code="u">https://specialcollections.humboldt.edu/palmquistyale-digital-collection-finding-aid</subfield></datafield><datafield tag="973" ind1="0" ind2=" "><subfield code="a">Finding Aids at Cal Poly Humboldt University</subfield><subfield code="9">LOCAL</subfield></datafield><datafield tag="994" ind1=" " ind2=" "><subfield code="a">92</subfield><subfield code="b">CAC</subfield></datafield><datafield tag="995" ind1=" " ind2=" "><subfield code="a">CSU ongoing load collection</subfield><subfield code="b">2024-11-04</subfield><subfield code="c">WorldCat record variable field(s) change: 600, 650, 651, 655</subfield><subfield code="d">CSU interim load</subfield><subfield code="e">UPDATED</subfield></datafield></record>