<record><leader>02414cpcaa2200349 i 4500</leader><controlfield tag="001">999688649902909</controlfield><controlfield tag="005">20240203213017.0</controlfield><controlfield tag="008">180820nuuuuuuuuxx      o           eng  </controlfield><datafield tag="035" ind1=" " ind2=" "><subfield code="a">(OCoLC)1048898021</subfield></datafield><datafield tag="035" ind1=" " ind2=" "><subfield code="a">(OCoLC)on1048898021</subfield></datafield><datafield tag="035" ind1=" " ind2=" "><subfield code="a">(EXLNZ-01CALS_NETWORK)991069743503902901</subfield></datafield><datafield tag="040" ind1=" " ind2=" "><subfield code="a">CHU</subfield><subfield code="b">eng</subfield><subfield code="c">CHU</subfield><subfield code="d">OCLCQ</subfield><subfield code="d">OCLCF</subfield><subfield code="d">CHU</subfield><subfield code="d">OCLCQ</subfield><subfield code="d">OCLCO</subfield><subfield code="d">OCLCA</subfield><subfield code="d">OCLCL</subfield></datafield><datafield tag="043" ind1=" " ind2=" "><subfield code="a">n-us-ca</subfield></datafield><datafield tag="099" ind1=" " ind2="9"><subfield code="a">2000.01</subfield><subfield code="9">local</subfield></datafield><datafield tag="100" ind1="1" ind2=" "><subfield code="a">Palmquist, Peter E.,</subfield><subfield code="e">collection creator.</subfield></datafield><datafield tag="245" ind1="1" ind2="0"><subfield code="a">Palmquist's Lucy Thompson File :</subfield><subfield code="b">Finding Aid,</subfield><subfield code="f">circa 1895-1992.</subfield></datafield><datafield tag="300" ind1=" " ind2=" "><subfield code="a">.5 cubic ft.</subfield></datafield><datafield tag="336" ind1=" " ind2=" "><subfield code="a">text</subfield><subfield code="b">txt</subfield><subfield code="2">rdacontent</subfield></datafield><datafield tag="337" ind1=" " ind2=" "><subfield code="a">computer</subfield><subfield code="b">c</subfield><subfield code="2">rdamedia</subfield></datafield><datafield tag="338" ind1=" " ind2=" "><subfield code="a">online resource</subfield><subfield code="b">cr</subfield><subfield code="2">rdacarrier</subfield></datafield><datafield tag="520" ind1="3" ind2=" "><subfield code="a">Peter Palmquist's wide ranging research interests included the Thompson Family, starting with Burtha Thompson's (spelled Bertha in many sources) work as a model for photographer Emma Freeman. Palmquist granted permission to the HSU Library's Special Collections to photocopy items from his information file on Lucy and Milton J. Thompson. In 2012 the Beinecke Rare Book and Manuscript Library granted HSU Library permission to include digital files of selected items from the Peter E. Palmquist Collection. This collection provides information about the extended Thompson Family and the timber and land related activities of Milton J. Thompson. Lucy Thompson (Yurok) is the author of To the American Indian: Reminiscences of a Yurok Woman, first published in 1916, republished in 1991 with a foreword by Palmquist.</subfield></datafield><datafield tag="546" ind1=" " ind2=" "><subfield code="a">English.</subfield></datafield><datafield tag="650" ind1=" " ind2="0"><subfield code="a">Yurok Indians.</subfield></datafield><datafield tag="650" ind1=" " ind2="6"><subfield code="a">Yurok.</subfield></datafield><datafield tag="650" ind1=" " ind2="7"><subfield code="a">Yurok Indians.</subfield><subfield code="2">fast</subfield><subfield code="0">(OCoLC)fst01183936</subfield></datafield><datafield tag="651" ind1=" " ind2="0"><subfield code="a">Del Norte County (Calif.)</subfield><subfield code="x">History.</subfield></datafield><datafield tag="651" ind1=" " ind2="0"><subfield code="a">Humboldt County (Calif.)</subfield><subfield code="x">History.</subfield></datafield><datafield tag="651" ind1=" " ind2="7"><subfield code="a">California</subfield><subfield code="z">Del Norte County.</subfield><subfield code="2">fast</subfield><subfield code="0">(OCoLC)fst01215841</subfield><subfield code="1">https://id.oclc.org/worldcat/entity/E39PBJyxc6HbTmkJFXxwhTPPcP</subfield></datafield><datafield tag="651" ind1=" " ind2="7"><subfield code="a">California</subfield><subfield code="z">Humboldt County.</subfield><subfield code="2">fast</subfield><subfield code="0">(OCoLC)fst01214282</subfield><subfield code="1">https://id.oclc.org/worldcat/entity/E39PBJj4xJB7k34yxdjP6xRdwC</subfield></datafield><datafield tag="655" ind1=" " ind2="7"><subfield code="a">History.</subfield><subfield code="2">fast</subfield><subfield code="0">(OCoLC)fst01411628</subfield></datafield><datafield tag="758" ind1=" " ind2=" "><subfield code="i">has work:</subfield><subfield code="a">circa 1895-1992 Palmquist's Lucy Thompson File (Work)</subfield><subfield code="1">https://id.oclc.org/worldcat/entity/E39PCGtHtm9KQv4mMQGBkpKbFq</subfield><subfield code="4">https://id.oclc.org/worldcat/ontology/hasWork</subfield></datafield><datafield tag="856" ind1="4" ind2="1"><subfield code="u">https://specialcollections.humboldt.edu/palmquists-lucy-thompson-file-finding-aid</subfield></datafield><datafield tag="973" ind1="0" ind2=" "><subfield code="a">Finding Aids at Cal Poly Humboldt University</subfield><subfield code="9">LOCAL</subfield></datafield><datafield tag="994" ind1=" " ind2=" "><subfield code="a">92</subfield><subfield code="b">CAC</subfield></datafield><datafield tag="995" ind1=" " ind2=" "><subfield code="a">CSU ongoing load collection</subfield><subfield code="b">2024-02-03</subfield><subfield code="c">WorldCat record variable field(s) change: 758</subfield><subfield code="d">CSU interim load</subfield><subfield code="e">UPDATED</subfield></datafield></record>