<record><leader>01391cpcaa2200265 i 4500</leader><controlfield tag="001">999688650102909</controlfield><controlfield tag="005">20220222213023.0</controlfield><controlfield tag="008">180820nuuuuuuuuxx      o           eng  </controlfield><datafield tag="035" ind1=" " ind2=" "><subfield code="a">(OCoLC)1048897883</subfield></datafield><datafield tag="035" ind1=" " ind2=" "><subfield code="a">(OCoLC)on1048897883</subfield></datafield><datafield tag="035" ind1=" " ind2=" "><subfield code="a">(EXLNZ-01CALS_NETWORK)991069743504102901</subfield></datafield><datafield tag="040" ind1=" " ind2=" "><subfield code="a">CHU</subfield><subfield code="b">eng</subfield><subfield code="e">rda</subfield><subfield code="c">CHU</subfield><subfield code="d">OCLCF</subfield><subfield code="d">CHU</subfield><subfield code="d">OCLCQ</subfield></datafield><datafield tag="043" ind1=" " ind2=" "><subfield code="a">n-us-ca</subfield></datafield><datafield tag="100" ind1="3" ind2=" "><subfield code="a">Neill Family,</subfield><subfield code="e">collection creator.</subfield></datafield><datafield tag="245" ind1="1" ind2="0"><subfield code="a">Neill Photo Album :</subfield><subfield code="b">Finding Aid,</subfield><subfield code="f">1908-1970s</subfield><subfield code="g">(bulk 1908-1913).</subfield></datafield><datafield tag="300" ind1=" " ind2=" "><subfield code="a">.5 cubic foot; 1 photograph album (22.9 x 28.6 cm)</subfield></datafield><datafield tag="336" ind1=" " ind2=" "><subfield code="a">text</subfield><subfield code="b">txt</subfield><subfield code="2">rdacontent</subfield></datafield><datafield tag="337" ind1=" " ind2=" "><subfield code="a">computer</subfield><subfield code="b">c</subfield><subfield code="2">rdamedia</subfield></datafield><datafield tag="338" ind1=" " ind2=" "><subfield code="a">online resource</subfield><subfield code="b">cr</subfield><subfield code="2">rdacarrier</subfield></datafield><datafield tag="520" ind1="3" ind2=" "><subfield code="a">The album consists of 292 photographs pertaining to the Neill Family living in Scotia, Humboldt County, California, during the early 20th century. Images within the album reflect the everyday lives of the family including snapshots of Scotia, local residents and residences, Pacific Lumber Company's mill and operations, vacations taken, and trips into the surrounding forest</subfield></datafield><datafield tag="546" ind1=" " ind2=" "><subfield code="a">English</subfield></datafield><datafield tag="651" ind1=" " ind2="0"><subfield code="a">Scotia (Calif.)</subfield></datafield><datafield tag="651" ind1=" " ind2="7"><subfield code="a">California</subfield><subfield code="z">Scotia.</subfield><subfield code="2">fast</subfield><subfield code="0">(OCoLC)fst01230540</subfield></datafield><datafield tag="856" ind1="4" ind2="1"><subfield code="u">https://specialcollections.humboldt.edu/neill-photo-album-finding-aid</subfield></datafield><datafield tag="973" ind1="0" ind2=" "><subfield code="a">Finding Aids at Cal Poly Humboldt University</subfield><subfield code="9">LOCAL</subfield></datafield><datafield tag="994" ind1=" " ind2=" "><subfield code="a">92</subfield><subfield code="b">CAC</subfield></datafield><datafield tag="995" ind1=" " ind2=" "><subfield code="a">CSU ongoing load collection</subfield><subfield code="b">2022-02-22</subfield><subfield code="c">WorldCat record encoding level change - WorldCat record variable field(s) change: 043, 300, 520, 856</subfield><subfield code="d">CSU interim load</subfield><subfield code="e">UPDATED</subfield></datafield></record>