<record><leader>01900cpcaa22002417i 4500</leader><controlfield tag="001">999688650302909</controlfield><controlfield tag="005">20240210213018.0</controlfield><controlfield tag="008">180820nuuuuuuuuxx      o           eng  </controlfield><datafield tag="035" ind1=" " ind2=" "><subfield code="a">(OCoLC)1048897842</subfield></datafield><datafield tag="035" ind1=" " ind2=" "><subfield code="a">(OCoLC)on1048897842</subfield></datafield><datafield tag="035" ind1=" " ind2=" "><subfield code="a">(EXLNZ-01CALS_NETWORK)991069743504302901</subfield></datafield><datafield tag="040" ind1=" " ind2=" "><subfield code="a">CHU</subfield><subfield code="b">eng</subfield><subfield code="e">rda</subfield><subfield code="c">CHU</subfield><subfield code="d">CHU</subfield><subfield code="d">OCLCQ</subfield><subfield code="d">OCLCL</subfield></datafield><datafield tag="100" ind1="1" ind2=" "><subfield code="a">McKay, Tim,</subfield><subfield code="d">1947-2006,</subfield><subfield code="e">collection creator.</subfield></datafield><datafield tag="245" ind1="1" ind2="0"><subfield code="a">McKay (Tim) Collection :</subfield><subfield code="b">Finding Aid,</subfield><subfield code="f">1850s-2006</subfield><subfield code="g">(bulk 1970-2006).</subfield></datafield><datafield tag="300" ind1=" " ind2=" "><subfield code="a">60 cubic ft.</subfield></datafield><datafield tag="336" ind1=" " ind2=" "><subfield code="a">text</subfield><subfield code="b">txt</subfield><subfield code="2">rdacontent</subfield></datafield><datafield tag="337" ind1=" " ind2=" "><subfield code="a">computer</subfield><subfield code="b">c</subfield><subfield code="2">rdamedia</subfield></datafield><datafield tag="338" ind1=" " ind2=" "><subfield code="a">online resource</subfield><subfield code="b">cr</subfield><subfield code="2">rdacarrier</subfield></datafield><datafield tag="520" ind1="3" ind2=" "><subfield code="a">The Tim McKay Collection holds an excellent representation of the materials generated by environmental activists from the 1970s to 2006. McKay was employed by the Northcoast Environmental Center (NEC) in Arcata, California for 31 years, and was Executive Director for 30 of those years. In that position, Tim was at the center of a large network and information clearinghouse for issues of local, regional, state, national, and world wide concern. The collection is especially rich in information about north coast regional forest land management, ancient forests/old growth, the Klamath/Siskiyou area, the Gasquet Orleans Road (G-O Rd.), national forests, and endangered species. Other strengths include forest practices, wilderness, bioregionalism, and land use policies. The McKay Postcard Collection was donated at same time and is maintained as a separate collection, 2007.02.</subfield></datafield><datafield tag="546" ind1=" " ind2=" "><subfield code="a">English</subfield></datafield><datafield tag="758" ind1=" " ind2=" "><subfield code="i">has work:</subfield><subfield code="a">McKay (Tim) Collection (bulk 1970-2006) 1850s-2006 (Work)</subfield><subfield code="1">https://id.oclc.org/worldcat/entity/E39PCYPDvVYpKMDJ8mK4dwFX8d</subfield><subfield code="4">https://id.oclc.org/worldcat/ontology/hasWork</subfield></datafield><datafield tag="856" ind1="4" ind2="1"><subfield code="u">https://specialcollections.humboldt.edu/tim-mckay-collection-finding-aid</subfield></datafield><datafield tag="973" ind1="0" ind2=" "><subfield code="a">Finding Aids at Cal Poly Humboldt University</subfield><subfield code="9">LOCAL</subfield></datafield><datafield tag="994" ind1=" " ind2=" "><subfield code="a">92</subfield><subfield code="b">CAC</subfield></datafield><datafield tag="995" ind1=" " ind2=" "><subfield code="a">CSU ongoing load collection</subfield><subfield code="b">2024-02-10</subfield><subfield code="c">WorldCat record variable field(s) change: 758</subfield><subfield code="d">CSU interim load</subfield><subfield code="e">UPDATED</subfield></datafield></record>