<record><leader>01509cpcaa2200313 i 4500</leader><controlfield tag="001">999688650402909</controlfield><controlfield tag="005">20220619213021.0</controlfield><controlfield tag="008">180820nuuuuuuuuxx      o           eng  </controlfield><datafield tag="035" ind1=" " ind2=" "><subfield code="a">(OCoLC)1048897778</subfield></datafield><datafield tag="035" ind1=" " ind2=" "><subfield code="a">(OCoLC)on1048897778</subfield></datafield><datafield tag="035" ind1=" " ind2=" "><subfield code="a">(EXLNZ-01CALS_NETWORK)991069743504402901</subfield></datafield><datafield tag="040" ind1=" " ind2=" "><subfield code="a">CHU</subfield><subfield code="b">eng</subfield><subfield code="e">rda</subfield><subfield code="c">CHU</subfield><subfield code="d">OCLCF</subfield><subfield code="d">CHU</subfield><subfield code="d">OCLCQ</subfield><subfield code="d">OCLCO</subfield></datafield><datafield tag="043" ind1=" " ind2=" "><subfield code="a">n-us-ca</subfield></datafield><datafield tag="100" ind1="3" ind2=" "><subfield code="a">Tooby Family,</subfield><subfield code="e">collection creator.</subfield></datafield><datafield tag="245" ind1="1" ind2="0"><subfield code="a">Tooby and Prior Photo Album :</subfield><subfield code="b">Finding Aid,</subfield><subfield code="f">circa 1903-1915.</subfield></datafield><datafield tag="300" ind1=" " ind2=" "><subfield code="a">.5 cubic foot; 1 photograph album (29.8 x 20.9 cm)</subfield></datafield><datafield tag="336" ind1=" " ind2=" "><subfield code="a">text</subfield><subfield code="b">txt</subfield><subfield code="2">rdacontent</subfield></datafield><datafield tag="337" ind1=" " ind2=" "><subfield code="a">computer</subfield><subfield code="b">c</subfield><subfield code="2">rdamedia</subfield></datafield><datafield tag="338" ind1=" " ind2=" "><subfield code="a">online resource</subfield><subfield code="b">cr</subfield><subfield code="2">rdacarrier</subfield></datafield><datafield tag="520" ind1="3" ind2=" "><subfield code="a">The album consists of 129 photographs pertaining to the Tooby and Prior families who ran a cattle company in Blocksburg, Humboldt County, California, during the early 20th century. Most images include Tooby or Prior family members, social gatherings, ranching activities, landscapes, and the Blockburg area.</subfield></datafield><datafield tag="546" ind1=" " ind2=" "><subfield code="a">English</subfield></datafield><datafield tag="650" ind1=" " ind2="0"><subfield code="a">Ranch life</subfield><subfield code="z">California</subfield><subfield code="z">Humboldt County.</subfield></datafield><datafield tag="650" ind1=" " ind2="6"><subfield code="a">Vie au ranch</subfield><subfield code="z">Californie</subfield><subfield code="z">Humboldt.</subfield></datafield><datafield tag="650" ind1=" " ind2="7"><subfield code="a">Ranch life.</subfield><subfield code="2">fast</subfield><subfield code="0">(OCoLC)fst01089735</subfield></datafield><datafield tag="651" ind1=" " ind2="0"><subfield code="a">Blocksburg (Calif.)</subfield></datafield><datafield tag="651" ind1=" " ind2="7"><subfield code="a">California</subfield><subfield code="z">Humboldt County.</subfield><subfield code="2">fast</subfield><subfield code="0">(OCoLC)fst01214282</subfield></datafield><datafield tag="700" ind1="3" ind2=" "><subfield code="a">Prior Family,</subfield><subfield code="e">collection creator.</subfield></datafield><datafield tag="856" ind1="4" ind2="1"><subfield code="u">https://specialcollections.humboldt.edu/tooby-and-prior-photo-album-finding-aid</subfield></datafield><datafield tag="973" ind1="0" ind2=" "><subfield code="a">Finding Aids at Cal Poly Humboldt University</subfield><subfield code="9">LOCAL</subfield></datafield><datafield tag="994" ind1=" " ind2=" "><subfield code="a">92</subfield><subfield code="b">CAC</subfield></datafield><datafield tag="995" ind1=" " ind2=" "><subfield code="a">CSU ongoing load collection</subfield><subfield code="b">2022-06-19</subfield><subfield code="c">WorldCat record variable field(s) change: 650</subfield><subfield code="d">CSU interim load</subfield><subfield code="e">UPDATED</subfield></datafield></record>