<record><leader>01870cpcaa2200325 i 4500</leader><controlfield tag="001">999688650502909</controlfield><controlfield tag="005">20220612213020.0</controlfield><controlfield tag="008">180820nuuuuuuuuxx      o           eng  </controlfield><datafield tag="035" ind1=" " ind2=" "><subfield code="a">(OCoLC)1048897715</subfield></datafield><datafield tag="035" ind1=" " ind2=" "><subfield code="a">(OCoLC)on1048897715</subfield></datafield><datafield tag="035" ind1=" " ind2=" "><subfield code="a">(EXLNZ-01CALS_NETWORK)991069743504602901</subfield></datafield><datafield tag="040" ind1=" " ind2=" "><subfield code="a">CHU</subfield><subfield code="b">eng</subfield><subfield code="e">rda</subfield><subfield code="c">CHU</subfield><subfield code="d">OCLCF</subfield><subfield code="d">CHU</subfield><subfield code="d">OCLCQ</subfield><subfield code="d">OCLCO</subfield></datafield><datafield tag="043" ind1=" " ind2=" "><subfield code="a">n-us-ca</subfield></datafield><datafield tag="245" ind1="0" ind2="0"><subfield code="a">Theatre Arts Archive :</subfield><subfield code="b">Finding Aid,</subfield><subfield code="f">1925-1991</subfield><subfield code="g">(bulk 1955-1977).</subfield></datafield><datafield tag="300" ind1=" " ind2=" "><subfield code="a">3 boxes plus 1 oversize flat file drawer</subfield></datafield><datafield tag="336" ind1=" " ind2=" "><subfield code="a">text</subfield><subfield code="b">txt</subfield><subfield code="2">rdacontent</subfield></datafield><datafield tag="337" ind1=" " ind2=" "><subfield code="a">computer</subfield><subfield code="b">c</subfield><subfield code="2">rdamedia</subfield></datafield><datafield tag="338" ind1=" " ind2=" "><subfield code="a">online resource</subfield><subfield code="b">cr</subfield><subfield code="2">rdacarrier</subfield></datafield><datafield tag="520" ind1="3" ind2=" "><subfield code="a">This is a very rich history of the multiple departments relating to Speech, Drama, Theatre, Communication and more, from the initial offering of one course in Speech/Drama in 1914, and the first production on December 3, 1914 of "Her Own Way," by Clyde Fitch, at Pettengill's Minor Theatre. The narrator, and primary creator of the collection of performance photographs and playbills, is Dr. John Pauley. The collection complements his "Story of Humboldt State University Theatre Arts Department" covering the years 1914-1979</subfield></datafield><datafield tag="546" ind1=" " ind2=" "><subfield code="a">English</subfield></datafield><datafield tag="650" ind1=" " ind2="0"><subfield code="a">Theater</subfield><subfield code="z">California</subfield><subfield code="z">Arcata</subfield><subfield code="x">History.</subfield></datafield><datafield tag="650" ind1=" " ind2="6"><subfield code="a">Théâtre</subfield><subfield code="z">Californie</subfield><subfield code="z">Arcata</subfield><subfield code="x">Histoire.</subfield></datafield><datafield tag="650" ind1=" " ind2="7"><subfield code="a">Theater.</subfield><subfield code="2">fast</subfield><subfield code="0">(OCoLC)fst01149217</subfield></datafield><datafield tag="651" ind1=" " ind2="7"><subfield code="a">California</subfield><subfield code="z">Arcata.</subfield><subfield code="2">fast</subfield><subfield code="0">(OCoLC)fst01202811</subfield></datafield><datafield tag="610" ind1="2" ind2="0"><subfield code="a">Humboldt State University.</subfield><subfield code="b">Department of Communication</subfield><subfield code="x">History.</subfield></datafield><datafield tag="610" ind1="2" ind2="0"><subfield code="a">Humboldt State University.</subfield><subfield code="b">Department of Speech and Hearing</subfield><subfield code="x">History.</subfield></datafield><datafield tag="610" ind1="2" ind2="0"><subfield code="a">Humboldt State University.</subfield><subfield code="b">Department of Theatre Arts</subfield><subfield code="x">History.</subfield></datafield><datafield tag="655" ind1=" " ind2="7"><subfield code="a">History.</subfield><subfield code="2">fast</subfield><subfield code="0">(OCoLC)fst01411628</subfield></datafield><datafield tag="856" ind1="4" ind2="1"><subfield code="u">https://specialcollections.humboldt.edu/theatre-arts-archive-finding-aid</subfield></datafield><datafield tag="973" ind1="0" ind2=" "><subfield code="a">Finding Aids at Cal Poly Humboldt University</subfield><subfield code="9">LOCAL</subfield></datafield><datafield tag="994" ind1=" " ind2=" "><subfield code="a">92</subfield><subfield code="b">CAC</subfield></datafield><datafield tag="995" ind1=" " ind2=" "><subfield code="a">CSU ongoing load collection</subfield><subfield code="b">2022-06-12</subfield><subfield code="c">WorldCat record variable field(s) change: 650</subfield><subfield code="d">CSU interim load</subfield><subfield code="e">UPDATED</subfield></datafield></record>