<record><leader>02244cpcaa2200385 i 4500</leader><controlfield tag="001">999688651002909</controlfield><controlfield tag="005">20241103213016.0</controlfield><controlfield tag="008">180817nuuuuuuuuxx      o           eng  </controlfield><datafield tag="035" ind1=" " ind2=" "><subfield code="a">(OCoLC)1048635695</subfield></datafield><datafield tag="035" ind1=" " ind2=" "><subfield code="a">(OCoLC)on1048635695</subfield></datafield><datafield tag="035" ind1=" " ind2=" "><subfield code="a">(EXLNZ-01CALS_NETWORK)991069743597402901</subfield></datafield><datafield tag="040" ind1=" " ind2=" "><subfield code="a">CHU</subfield><subfield code="b">eng</subfield><subfield code="c">CHU</subfield><subfield code="d">OCLCQ</subfield><subfield code="d">OCLCO</subfield><subfield code="d">OCLCF</subfield><subfield code="d">CHU</subfield><subfield code="d">OCLCQ</subfield><subfield code="d">OCLCO</subfield><subfield code="d">OCLCL</subfield><subfield code="d">OCLCQ</subfield><subfield code="d">OCLCO</subfield></datafield><datafield tag="043" ind1=" " ind2=" "><subfield code="a">n-us-ca</subfield></datafield><datafield tag="100" ind1="1" ind2=" "><subfield code="a">Baker, Ray Jerome,</subfield><subfield code="e">collection creator.</subfield></datafield><datafield tag="245" ind1="1" ind2="0"><subfield code="a">Swanlund-Baker Photograph Collection :</subfield><subfield code="b">Finding Aid,</subfield><subfield code="f">1900-1960</subfield><subfield code="g">(bulk 1904-1925).</subfield></datafield><datafield tag="300" ind1=" " ind2=" "><subfield code="a">1001 items</subfield></datafield><datafield tag="336" ind1=" " ind2=" "><subfield code="a">text</subfield><subfield code="b">txt</subfield><subfield code="2">rdacontent</subfield></datafield><datafield tag="337" ind1=" " ind2=" "><subfield code="a">computer</subfield><subfield code="b">c</subfield><subfield code="2">rdamedia</subfield></datafield><datafield tag="338" ind1=" " ind2=" "><subfield code="a">online resource</subfield><subfield code="b">cr</subfield><subfield code="2">rdacarrier</subfield></datafield><datafield tag="520" ind1="3" ind2=" "><subfield code="a">The Swanlund-Baker Collection depicts a wide variety of everyday northwest California scenes and activities from the early twentieth century. Lumber industry, tanbark industry, flower nurseries, city and village street scenes, schools, portraits, parks, ships, shipbuilding, shipwrecks, and rivers are the featured subjects of this collection. The primary photographer represented is Ray Jerome Baker who lived in Humboldt County from 1904-1910.</subfield></datafield><datafield tag="546" ind1=" " ind2=" "><subfield code="a">English.</subfield></datafield><datafield tag="650" ind1=" " ind2="0"><subfield code="a">Cottage Gardens Nurseries.</subfield></datafield><datafield tag="650" ind1=" " ind2="0"><subfield code="a">Lumbering</subfield><subfield code="z">California</subfield><subfield code="z">Humboldt County</subfield><subfield code="x">History.</subfield></datafield><datafield tag="650" ind1=" " ind2="6"><subfield code="a">Forêts</subfield><subfield code="x">Exploitation</subfield><subfield code="z">Californie</subfield><subfield code="z">Humboldt</subfield><subfield code="x">Histoire.</subfield></datafield><datafield tag="650" ind1=" " ind2="7"><subfield code="a">Lumbering</subfield><subfield code="2">fast</subfield></datafield><datafield tag="651" ind1=" " ind2="0"><subfield code="a">Humboldt County (Calif.)</subfield><subfield code="x">History</subfield><subfield code="v">Pictorial works.</subfield></datafield><datafield tag="651" ind1=" " ind2="7"><subfield code="a">California</subfield><subfield code="z">Humboldt County</subfield><subfield code="2">fast</subfield><subfield code="1">https://id.oclc.org/worldcat/entity/E39PBJj4xJB7k34yxdjP6xRdwC</subfield></datafield><datafield tag="600" ind1="1" ind2="0"><subfield code="a">Baker, Ray Jerome,</subfield><subfield code="d">1880-1972</subfield><subfield code="v">Archives.</subfield></datafield><datafield tag="600" ind1="1" ind2="7"><subfield code="a">Baker, Ray Jerome,</subfield><subfield code="d">1880-1972</subfield><subfield code="2">fast</subfield><subfield code="1">https://id.oclc.org/worldcat/entity/E39PBJcGt6BxbRXc8F6wBwjgrq</subfield></datafield><datafield tag="655" ind1=" " ind2="7"><subfield code="a">Archives</subfield><subfield code="2">fast</subfield></datafield><datafield tag="655" ind1=" " ind2="7"><subfield code="a">History</subfield><subfield code="2">fast</subfield></datafield><datafield tag="655" ind1=" " ind2="7"><subfield code="a">Illustrated works</subfield><subfield code="2">fast</subfield></datafield><datafield tag="758" ind1=" " ind2=" "><subfield code="i">has work:</subfield><subfield code="a">1900-1960 (bulk 1904-1925) Swanlund-Baker Photograph Collection (Work)</subfield><subfield code="1">https://id.oclc.org/worldcat/entity/E39PCFwk9htQ7P39D6PP3PwYGd</subfield><subfield code="4">https://id.oclc.org/worldcat/ontology/hasWork</subfield></datafield><datafield tag="856" ind1="4" ind2="1"><subfield code="u">https://specialcollections.humboldt.edu/swanlund-baker-photograph-collection-finding-aid</subfield></datafield><datafield tag="973" ind1="0" ind2=" "><subfield code="a">Finding Aids at Cal Poly Humboldt University</subfield><subfield code="9">LOCAL</subfield></datafield><datafield tag="994" ind1=" " ind2=" "><subfield code="a">92</subfield><subfield code="b">CAC</subfield></datafield><datafield tag="995" ind1=" " ind2=" "><subfield code="a">CSU ongoing load collection</subfield><subfield code="b">2024-11-03</subfield><subfield code="c">WorldCat record variable field(s) change: 600, 650, 651, 655</subfield><subfield code="d">CSU interim load</subfield><subfield code="e">UPDATED</subfield></datafield></record>