<record><leader>01445cpcaa2200289 i 4500</leader><controlfield tag="001">999688651102909</controlfield><controlfield tag="005">20220611213021.0</controlfield><controlfield tag="008">180817nuuuuuuuuxx      o           eng  </controlfield><datafield tag="035" ind1=" " ind2=" "><subfield code="a">(OCoLC)1048635762</subfield></datafield><datafield tag="035" ind1=" " ind2=" "><subfield code="a">(OCoLC)on1048635762</subfield></datafield><datafield tag="035" ind1=" " ind2=" "><subfield code="a">(EXLNZ-01CALS_NETWORK)991069743597502901</subfield></datafield><datafield tag="040" ind1=" " ind2=" "><subfield code="a">CHU</subfield><subfield code="b">eng</subfield><subfield code="c">CHU</subfield><subfield code="d">OCLCQ</subfield><subfield code="d">OCLCO</subfield><subfield code="d">OCLCF</subfield><subfield code="d">CHU</subfield><subfield code="d">OCLCQ</subfield><subfield code="d">OCLCO</subfield></datafield><datafield tag="245" ind1="0" ind2="0"><subfield code="a">Stutz (Jodie) Papers :</subfield><subfield code="b">Finding Aid,</subfield><subfield code="f">1984-1987.</subfield></datafield><datafield tag="300" ind1=" " ind2=" "><subfield code="a">2 cubic ft.</subfield></datafield><datafield tag="336" ind1=" " ind2=" "><subfield code="a">text</subfield><subfield code="b">txt</subfield><subfield code="2">rdacontent</subfield></datafield><datafield tag="337" ind1=" " ind2=" "><subfield code="a">computer</subfield><subfield code="b">c</subfield><subfield code="2">rdamedia</subfield></datafield><datafield tag="338" ind1=" " ind2=" "><subfield code="a">online resource</subfield><subfield code="b">cr</subfield><subfield code="2">rdacarrier</subfield></datafield><datafield tag="520" ind1="3" ind2=" "><subfield code="a">Jodi Lee Stutz, Humboldt State University 1984, was associated with the University's literary magazine, Toyon, as Assistant Editor in 1983 and Managing Editor in 1984. After her death in 1987, Toyon created the Jodi Stutz Memorial Award in Poetry in her honor and her papers, including original literary manuscripts, were donated to the HSU Library.</subfield></datafield><datafield tag="546" ind1=" " ind2=" "><subfield code="a">English.</subfield></datafield><datafield tag="650" ind1=" " ind2="0"><subfield code="a">American literature</subfield><subfield code="y">20th century</subfield><subfield code="v">Periodicals.</subfield></datafield><datafield tag="650" ind1=" " ind2="6"><subfield code="a">Littérature américaine</subfield><subfield code="y">20e siècle</subfield><subfield code="v">Périodiques.</subfield></datafield><datafield tag="650" ind1=" " ind2="7"><subfield code="a">American literature.</subfield><subfield code="2">fast</subfield><subfield code="0">(OCoLC)fst00807113</subfield></datafield><datafield tag="610" ind1="2" ind2="0"><subfield code="a">Humboldt State University.</subfield><subfield code="b">Department of English.</subfield></datafield><datafield tag="655" ind1=" " ind2="7"><subfield code="a">Periodicals.</subfield><subfield code="2">fast</subfield><subfield code="0">(OCoLC)fst01411641</subfield></datafield><datafield tag="648" ind1=" " ind2="7"><subfield code="a">1900-1999</subfield><subfield code="2">fast</subfield></datafield><datafield tag="856" ind1="4" ind2="1"><subfield code="u">https://specialcollections.humboldt.edu/jody-stutz-papers</subfield></datafield><datafield tag="973" ind1="0" ind2=" "><subfield code="a">Finding Aids at Cal Poly Humboldt University</subfield><subfield code="9">LOCAL</subfield></datafield><datafield tag="994" ind1=" " ind2=" "><subfield code="a">92</subfield><subfield code="b">CAC</subfield></datafield><datafield tag="995" ind1=" " ind2=" "><subfield code="a">CSU ongoing load collection</subfield><subfield code="b">2022-06-11</subfield><subfield code="c">WorldCat record variable field(s) change: 650</subfield><subfield code="d">CSU interim load</subfield><subfield code="e">UPDATED</subfield></datafield></record>