<record><leader>02350cpcaa2200385 i 4500</leader><controlfield tag="001">999688651202909</controlfield><controlfield tag="005">20220627213022.0</controlfield><controlfield tag="008">180817nuuuuuuuuxx      o           eng  </controlfield><datafield tag="035" ind1=" " ind2=" "><subfield code="a">(OCoLC)1048635457</subfield></datafield><datafield tag="035" ind1=" " ind2=" "><subfield code="a">(OCoLC)on1048635457</subfield></datafield><datafield tag="035" ind1=" " ind2=" "><subfield code="a">(EXLNZ-01CALS_NETWORK)991069743597602901</subfield></datafield><datafield tag="040" ind1=" " ind2=" "><subfield code="a">CHU</subfield><subfield code="b">eng</subfield><subfield code="c">CHU</subfield><subfield code="d">OCLCQ</subfield><subfield code="d">OCLCF</subfield><subfield code="d">CHU</subfield><subfield code="d">OCLCQ</subfield><subfield code="d">OCLCO</subfield></datafield><datafield tag="043" ind1=" " ind2=" "><subfield code="a">n-us-ca</subfield></datafield><datafield tag="100" ind1="1" ind2=" "><subfield code="a">Smith Strope, Gladys (1923-2006),</subfield><subfield code="e">collection creator.</subfield></datafield><datafield tag="245" ind1="1" ind2="0"><subfield code="a">Strope (Glady) Collection :</subfield><subfield code="b">Finding Aid,</subfield><subfield code="f">1940-2005</subfield><subfield code="g">(bulk 1985-2001).</subfield></datafield><datafield tag="300" ind1=" " ind2=" "><subfield code="a">9 cubic ft.</subfield></datafield><datafield tag="336" ind1=" " ind2=" "><subfield code="a">text</subfield><subfield code="b">txt</subfield><subfield code="2">rdacontent</subfield></datafield><datafield tag="337" ind1=" " ind2=" "><subfield code="a">computer</subfield><subfield code="b">c</subfield><subfield code="2">rdamedia</subfield></datafield><datafield tag="338" ind1=" " ind2=" "><subfield code="a">online resource</subfield><subfield code="b">cr</subfield><subfield code="2">rdacarrier</subfield></datafield><datafield tag="520" ind1="3" ind2=" "><subfield code="a">The Glady Strope Mental Health Citizens Advocacy Papers consists of the files and publications created and accumulated by Glady Strope while she served on mental health advisory committees and groups from the late 1950s until 2005 for Humboldt County and the State of California. It includes materials from a wide variety of governmental, professional and advocacy mental health entities. Glady Strope was instrumental in starting mental health services in Humboldt County, California. The collection reflects the evolution of mental health treatments and services and the increased involvement by citizen advocates, consumers and their families throughout the United States, during the last quarter of the 20th Century.</subfield></datafield><datafield tag="546" ind1=" " ind2=" "><subfield code="a">English.</subfield></datafield><datafield tag="650" ind1=" " ind2="0"><subfield code="a">Mental health services</subfield><subfield code="z">California</subfield><subfield code="z">Humboldt County.</subfield></datafield><datafield tag="650" ind1=" " ind2="0"><subfield code="a">Rural mental health services.</subfield></datafield><datafield tag="650" ind1=" " ind2="0"><subfield code="a">Community mental health services.</subfield></datafield><datafield tag="650" ind1=" " ind2="6"><subfield code="a">Services de santé mentale</subfield><subfield code="z">Californie</subfield><subfield code="z">Humboldt.</subfield></datafield><datafield tag="650" ind1=" " ind2="6"><subfield code="a">Services de santé mentale rurale.</subfield></datafield><datafield tag="650" ind1=" " ind2="6"><subfield code="a">Services communautaires de santé mentale.</subfield></datafield><datafield tag="650" ind1=" " ind2="7"><subfield code="a">Community mental health services.</subfield><subfield code="2">fast</subfield><subfield code="0">(OCoLC)fst00871055</subfield></datafield><datafield tag="650" ind1=" " ind2="7"><subfield code="a">Mental health services.</subfield><subfield code="2">fast</subfield><subfield code="0">(OCoLC)fst01016498</subfield></datafield><datafield tag="650" ind1=" " ind2="7"><subfield code="a">Rural mental health services.</subfield><subfield code="2">fast</subfield><subfield code="0">(OCoLC)fst01101737</subfield></datafield><datafield tag="651" ind1=" " ind2="0"><subfield code="a">Humboldt County (Calif.)</subfield><subfield code="x">History.</subfield></datafield><datafield tag="651" ind1=" " ind2="7"><subfield code="a">California</subfield><subfield code="z">Humboldt County.</subfield><subfield code="2">fast</subfield><subfield code="0">(OCoLC)fst01214282</subfield></datafield><datafield tag="655" ind1=" " ind2="7"><subfield code="a">History.</subfield><subfield code="2">fast</subfield><subfield code="0">(OCoLC)fst01411628</subfield></datafield><datafield tag="856" ind1="4" ind2="1"><subfield code="u">https://specialcollections.humboldt.edu/glady-strope-mental-health-citizens-advocacy-papers-finding-aid</subfield></datafield><datafield tag="973" ind1="0" ind2=" "><subfield code="a">Finding Aids at Cal Poly Humboldt University</subfield><subfield code="9">local</subfield></datafield><datafield tag="994" ind1=" " ind2=" "><subfield code="a">92</subfield><subfield code="b">CAC</subfield></datafield><datafield tag="995" ind1=" " ind2=" "><subfield code="a">CSU ongoing load collection</subfield><subfield code="b">2022-06-27</subfield><subfield code="c">WorldCat record variable field(s) change: 650</subfield><subfield code="d">CSU interim load</subfield><subfield code="e">UPDATED</subfield></datafield></record>