<record><leader>02625cpcaa2200445 i 4500</leader><controlfield tag="001">999688651302909</controlfield><controlfield tag="005">20220610213021.0</controlfield><controlfield tag="008">180817nuuuuuuuuxx      o           eng  </controlfield><datafield tag="035" ind1=" " ind2=" "><subfield code="a">(OCoLC)1048635781</subfield></datafield><datafield tag="035" ind1=" " ind2=" "><subfield code="a">(OCoLC)on1048635781</subfield></datafield><datafield tag="035" ind1=" " ind2=" "><subfield code="a">(EXLNZ-01CALS_NETWORK)991069743597702901</subfield></datafield><datafield tag="040" ind1=" " ind2=" "><subfield code="a">CHU</subfield><subfield code="b">eng</subfield><subfield code="e">rda</subfield><subfield code="c">CHU</subfield><subfield code="d">OCLCF</subfield><subfield code="d">CHU</subfield><subfield code="d">OCLCQ</subfield><subfield code="d">OCLCO</subfield></datafield><datafield tag="043" ind1=" " ind2=" "><subfield code="a">n-us-ca</subfield><subfield code="a">n-us-or</subfield></datafield><datafield tag="245" ind1="0" ind2="0"><subfield code="a">Stewart (Connie) Assemblywoman Patty Berg Field Office Collection :</subfield><subfield code="b">Finding Aid,</subfield><subfield code="f">2003-2008.</subfield></datafield><datafield tag="300" ind1=" " ind2=" "><subfield code="a">18 cubic ft.</subfield></datafield><datafield tag="336" ind1=" " ind2=" "><subfield code="a">text</subfield><subfield code="b">txt</subfield><subfield code="2">rdacontent</subfield></datafield><datafield tag="337" ind1=" " ind2=" "><subfield code="a">computer</subfield><subfield code="b">c</subfield><subfield code="2">rdamedia</subfield></datafield><datafield tag="338" ind1=" " ind2=" "><subfield code="a">online resource</subfield><subfield code="b">cr</subfield><subfield code="2">rdacarrier</subfield></datafield><datafield tag="520" ind1="3" ind2=" "><subfield code="a">The collection consists of subject files created to serve Patty Berg's need for information for carrying out her legislative responsibilities and for serving the needs of her constituents. Subject areas include Aging, Healthcare, and Klamath River and other significant issues of that era, as well as files for most local governmental entities, Indian tribes, and most communities throughout Del Norte, Humboldt and Trinity counties. Patty Berg represented the 1st District in the California State Assembly from 2003 to 2008. Connie Stewart served as the Eureka Office Senior Field Representative during Berg's time in office.</subfield></datafield><datafield tag="546" ind1=" " ind2=" "><subfield code="a">English</subfield></datafield><datafield tag="650" ind1=" " ind2="0"><subfield code="a">Medical care</subfield><subfield code="z">California</subfield><subfield code="z">Humboldt County.</subfield></datafield><datafield tag="650" ind1=" " ind2="0"><subfield code="a">Dam retirement</subfield><subfield code="z">Klamath River (Or. and Calif.)</subfield></datafield><datafield tag="650" ind1=" " ind2="6"><subfield code="a">Barrages</subfield><subfield code="x">Mise hors service</subfield><subfield code="z">Klamath (Or. et Calif. : Fleuve)</subfield></datafield><datafield tag="650" ind1=" " ind2="7"><subfield code="a">Dam retirement.</subfield><subfield code="2">fast</subfield><subfield code="0">(OCoLC)fst00887251</subfield></datafield><datafield tag="650" ind1=" " ind2="7"><subfield code="a">Economic history.</subfield><subfield code="2">fast</subfield><subfield code="0">(OCoLC)fst00901974</subfield></datafield><datafield tag="650" ind1=" " ind2="7"><subfield code="a">Medical care.</subfield><subfield code="2">fast</subfield><subfield code="0">(OCoLC)fst01013753</subfield></datafield><datafield tag="650" ind1=" " ind2="7"><subfield code="a">Politics and government.</subfield><subfield code="2">fast</subfield><subfield code="0">(OCoLC)fst01919741</subfield></datafield><datafield tag="651" ind1=" " ind2="0"><subfield code="a">Del Norte County (Calif.)</subfield><subfield code="x">Economic conditions.</subfield></datafield><datafield tag="651" ind1=" " ind2="0"><subfield code="a">Humboldt County (Calif.)</subfield><subfield code="x">Economic conditions.</subfield></datafield><datafield tag="651" ind1=" " ind2="0"><subfield code="a">Humboldt County (Calif.)</subfield><subfield code="x">History.</subfield></datafield><datafield tag="651" ind1=" " ind2="0"><subfield code="a">Humboldt County (Calif.)</subfield><subfield code="x">Politics and government</subfield><subfield code="y">21st century.</subfield></datafield><datafield tag="651" ind1=" " ind2="0"><subfield code="a">Trinity County (Calif.)</subfield><subfield code="x">Economic conditions.</subfield></datafield><datafield tag="651" ind1=" " ind2="7"><subfield code="a">California</subfield><subfield code="z">Del Norte County.</subfield><subfield code="2">fast</subfield><subfield code="0">(OCoLC)fst01215841</subfield></datafield><datafield tag="651" ind1=" " ind2="7"><subfield code="a">California</subfield><subfield code="z">Humboldt County.</subfield><subfield code="2">fast</subfield><subfield code="0">(OCoLC)fst01214282</subfield></datafield><datafield tag="651" ind1=" " ind2="7"><subfield code="a">California</subfield><subfield code="z">Trinity County.</subfield><subfield code="2">fast</subfield><subfield code="0">(OCoLC)fst01215709</subfield></datafield><datafield tag="651" ind1=" " ind2="7"><subfield code="a">United States</subfield><subfield code="z">Klamath River.</subfield><subfield code="2">fast</subfield><subfield code="0">(OCoLC)fst01310509</subfield></datafield><datafield tag="655" ind1=" " ind2="7"><subfield code="a">History.</subfield><subfield code="2">fast</subfield><subfield code="0">(OCoLC)fst01411628</subfield></datafield><datafield tag="648" ind1=" " ind2="7"><subfield code="a">2000-2099</subfield><subfield code="2">fast</subfield></datafield><datafield tag="856" ind1="4" ind2="1"><subfield code="u">https://specialcollections.humboldt.edu/connie-stewart-assemblywoman-patty-berg-field-office-collection-finding-aid</subfield></datafield><datafield tag="973" ind1="0" ind2=" "><subfield code="a">Finding Aids at Cal Poly Humboldt University</subfield><subfield code="9">LOCAL</subfield></datafield><datafield tag="994" ind1=" " ind2=" "><subfield code="a">92</subfield><subfield code="b">CAC</subfield></datafield><datafield tag="995" ind1=" " ind2=" "><subfield code="a">CSU ongoing load collection</subfield><subfield code="b">2022-06-10</subfield><subfield code="c">WorldCat record variable field(s) change: 650</subfield><subfield code="d">CSU interim load</subfield><subfield code="e">UPDATED</subfield></datafield></record>