<record><leader>02092cpcaa2200397 i 4500</leader><controlfield tag="001">999688651402909</controlfield><controlfield tag="005">20220619213021.0</controlfield><controlfield tag="008">180817nuuuuuuuuxx      o           eng  </controlfield><datafield tag="035" ind1=" " ind2=" "><subfield code="a">(OCoLC)1048635297</subfield></datafield><datafield tag="035" ind1=" " ind2=" "><subfield code="a">(OCoLC)on1048635297</subfield></datafield><datafield tag="035" ind1=" " ind2=" "><subfield code="a">(EXLNZ-01CALS_NETWORK)991069743597802901</subfield></datafield><datafield tag="040" ind1=" " ind2=" "><subfield code="a">CHU</subfield><subfield code="b">eng</subfield><subfield code="c">CHU</subfield><subfield code="d">OCLCQ</subfield><subfield code="d">OCLCF</subfield><subfield code="d">CHU</subfield><subfield code="d">OCLCQ</subfield><subfield code="d">OCLCO</subfield></datafield><datafield tag="043" ind1=" " ind2=" "><subfield code="a">n-us-ca</subfield></datafield><datafield tag="100" ind1="1" ind2=" "><subfield code="a">Stewart, Connie,</subfield><subfield code="e">collection creator.</subfield></datafield><datafield tag="245" ind1="1" ind2="0"><subfield code="a">Stewart (Connie) Arcata City Council Collection :</subfield><subfield code="b">Finding Aid,</subfield><subfield code="f">1969-2008</subfield><subfield code="g">(bulk 1988-2004).</subfield></datafield><datafield tag="300" ind1=" " ind2=" "><subfield code="a">9 cubic ft.</subfield></datafield><datafield tag="336" ind1=" " ind2=" "><subfield code="a">text</subfield><subfield code="b">txt</subfield><subfield code="2">rdacontent</subfield></datafield><datafield tag="337" ind1=" " ind2=" "><subfield code="a">computer</subfield><subfield code="b">c</subfield><subfield code="2">rdamedia</subfield></datafield><datafield tag="338" ind1=" " ind2=" "><subfield code="a">online resource</subfield><subfield code="b">cr</subfield><subfield code="2">rdacarrier</subfield></datafield><datafield tag="520" ind1="3" ind2=" "><subfield code="a">This collection consists of material gathered by members of the City Council of Arcata, California from 1969-2008 (bulk dates 1988-2004). The documents reflect the management, organization, and planning that city councilmembers participated in during their tenure in office. These documents were generated or inherited by Connie Stewart's time in office. This collection's strength is its representation of what councilmembers use to make policy decisions.</subfield></datafield><datafield tag="546" ind1=" " ind2=" "><subfield code="a">English.</subfield></datafield><datafield tag="650" ind1=" " ind2="0"><subfield code="a">Land use</subfield><subfield code="z">California</subfield><subfield code="z">Humboldt County</subfield><subfield code="x">Planning.</subfield></datafield><datafield tag="650" ind1=" " ind2="0"><subfield code="a">Transportation.</subfield></datafield><datafield tag="650" ind1=" " ind2="0"><subfield code="a">Women</subfield><subfield code="x">Political activity.</subfield></datafield><datafield tag="650" ind1=" " ind2="6"><subfield code="a">Utilisation du sol</subfield><subfield code="z">Californie</subfield><subfield code="z">Humboldt</subfield><subfield code="x">Planification.</subfield></datafield><datafield tag="650" ind1=" " ind2="6"><subfield code="a">Femmes</subfield><subfield code="x">Activité politique.</subfield></datafield><datafield tag="650" ind1=" " ind2="7"><subfield code="a">Land use</subfield><subfield code="x">Planning.</subfield><subfield code="2">fast</subfield><subfield code="0">(OCoLC)fst00991528</subfield></datafield><datafield tag="650" ind1=" " ind2="7"><subfield code="a">Politics and government.</subfield><subfield code="2">fast</subfield><subfield code="0">(OCoLC)fst01919741</subfield></datafield><datafield tag="650" ind1=" " ind2="7"><subfield code="a">Transportation.</subfield><subfield code="2">fast</subfield><subfield code="0">(OCoLC)fst01155007</subfield></datafield><datafield tag="650" ind1=" " ind2="7"><subfield code="a">Women</subfield><subfield code="x">Political activity.</subfield><subfield code="2">fast</subfield><subfield code="0">(OCoLC)fst01734136</subfield></datafield><datafield tag="651" ind1=" " ind2="0"><subfield code="a">Arcata (Calif.)</subfield><subfield code="x">Politics and government.</subfield></datafield><datafield tag="651" ind1=" " ind2="0"><subfield code="a">Arcata (Calif.)</subfield></datafield><datafield tag="651" ind1=" " ind2="7"><subfield code="a">California</subfield><subfield code="z">Arcata.</subfield><subfield code="2">fast</subfield><subfield code="0">(OCoLC)fst01202811</subfield></datafield><datafield tag="651" ind1=" " ind2="7"><subfield code="a">California</subfield><subfield code="z">Humboldt County.</subfield><subfield code="2">fast</subfield><subfield code="0">(OCoLC)fst01214282</subfield></datafield><datafield tag="856" ind1="4" ind2="1"><subfield code="u">https://specialcollections.humboldt.edu/connie-stewart-arcata-city-council-collection-finding-aid</subfield></datafield><datafield tag="973" ind1="0" ind2=" "><subfield code="a">Finding Aids at Cal Poly Humboldt University</subfield><subfield code="9">local</subfield></datafield><datafield tag="994" ind1=" " ind2=" "><subfield code="a">92</subfield><subfield code="b">CAC</subfield></datafield><datafield tag="995" ind1=" " ind2=" "><subfield code="a">CSU ongoing load collection</subfield><subfield code="b">2022-06-19</subfield><subfield code="c">WorldCat record variable field(s) change: 650</subfield><subfield code="d">CSU interim load</subfield><subfield code="e">UPDATED</subfield></datafield></record>