<record><leader>02246cpcaa2200313 i 4500</leader><controlfield tag="001">999688651502909</controlfield><controlfield tag="005">20220221213021.0</controlfield><controlfield tag="008">180817nuuuuuuuuxx      o           zxx  </controlfield><datafield tag="035" ind1=" " ind2=" "><subfield code="a">(OCoLC)1048635100</subfield></datafield><datafield tag="035" ind1=" " ind2=" "><subfield code="a">(OCoLC)on1048635100</subfield></datafield><datafield tag="035" ind1=" " ind2=" "><subfield code="a">(EXLNZ-01CALS_NETWORK)991069743597902901</subfield></datafield><datafield tag="040" ind1=" " ind2=" "><subfield code="a">CHU</subfield><subfield code="b">eng</subfield><subfield code="c">CHU</subfield><subfield code="d">OCLCQ</subfield><subfield code="d">OCLCF</subfield><subfield code="d">CHU</subfield><subfield code="d">OCLCQ</subfield></datafield><datafield tag="043" ind1=" " ind2=" "><subfield code="a">n-us-ca</subfield></datafield><datafield tag="100" ind1="1" ind2=" "><subfield code="a">Smith, Norman R. (1857-1954),</subfield><subfield code="e">collection creator.</subfield></datafield><datafield tag="245" ind1="1" ind2="0"><subfield code="a">Smith (Norman R.) Collection :</subfield><subfield code="b">Finding Aid,</subfield><subfield code="f">1860-1950</subfield><subfield code="g">(bulk 1918-1938).</subfield></datafield><datafield tag="300" ind1=" " ind2=" "><subfield code="a">5 boxes, 3 cubic ft.</subfield></datafield><datafield tag="336" ind1=" " ind2=" "><subfield code="a">text</subfield><subfield code="b">txt</subfield><subfield code="2">rdacontent</subfield></datafield><datafield tag="337" ind1=" " ind2=" "><subfield code="a">computer</subfield><subfield code="b">c</subfield><subfield code="2">rdamedia</subfield></datafield><datafield tag="338" ind1=" " ind2=" "><subfield code="a">online resource</subfield><subfield code="b">cr</subfield><subfield code="2">rdacarrier</subfield></datafield><datafield tag="520" ind1="3" ind2=" "><subfield code="a">Norman R Smith's son Chester V Smith died on November 9, 1918, of pneumonia at Camp Colt, Gettysburg, Pennsylvania; this appears to be the inspiration that drove his devoted father to begin a series of diaries, titled The Bridge, written from 1918 through 1938. Smith recorded daily activities, including the weather, from his Moonstone Beach retirement home as he boldly visioned the future development of the town of Trinidad. The diaries also were a vehicle for Smith to express his continuing grief at the loss of his son, as virtually every entry contains a variant of this (from Jan 1, 1933): ... My Dear Dad: Trust God and hold fast onto me. I am with you and the Lord is with You. Be not discouraged nor cast down, all is Well ... Chester. Norman R Smith was a well-traveled surveyor and engineer with pipe dreams. His father, Victor Smith, of the town of Port Angeles WA, was lost on the Brother Jonathan shipwreck off Crescent City. Norman Smith also wrote a family history: Victory: Biography of Victor Smith was published serially in the Port Angeles Evening News in 1950.</subfield></datafield><datafield tag="546" ind1=" " ind2=" "><subfield code="a">English.</subfield></datafield><datafield tag="651" ind1=" " ind2="0"><subfield code="a">Trinidad (Calif.)</subfield></datafield><datafield tag="651" ind1=" " ind2="0"><subfield code="a">Westhaven (Humboldt County, Calif.)</subfield></datafield><datafield tag="651" ind1=" " ind2="7"><subfield code="a">California</subfield><subfield code="z">Trinidad.</subfield><subfield code="2">fast</subfield><subfield code="0">(OCoLC)fst01218201</subfield></datafield><datafield tag="651" ind1=" " ind2="7"><subfield code="a">California</subfield><subfield code="z">Westhaven (Humboldt County)</subfield><subfield code="2">fast</subfield><subfield code="0">(OCoLC)fst01327575</subfield></datafield><datafield tag="600" ind1="1" ind2="0"><subfield code="a">Smith, Norman R.</subfield></datafield><datafield tag="600" ind1="1" ind2="0"><subfield code="a">Smith, Victor.</subfield></datafield><datafield tag="856" ind1="4" ind2="1"><subfield code="u">https://specialcollections.humboldt.edu/norman-r-smith-collection-finding-aid</subfield></datafield><datafield tag="973" ind1="0" ind2=" "><subfield code="a">Finding Aids at Cal Poly Humboldt University</subfield><subfield code="9">local</subfield></datafield><datafield tag="994" ind1=" " ind2=" "><subfield code="a">92</subfield><subfield code="b">CAC</subfield></datafield><datafield tag="995" ind1=" " ind2=" "><subfield code="a">CSU ongoing load collection</subfield><subfield code="b">2022-02-21</subfield><subfield code="c">WorldCat record encoding level change</subfield><subfield code="d">CSU interim load</subfield><subfield code="e">UPDATED</subfield></datafield></record>