<record><leader>03184cpcaa2200457 i 4500</leader><controlfield tag="001">999688651602909</controlfield><controlfield tag="005">20241031213017.0</controlfield><controlfield tag="008">180817nuuuuuuuuxx      o           zxx  </controlfield><datafield tag="035" ind1=" " ind2=" "><subfield code="a">(OCoLC)1048635002</subfield></datafield><datafield tag="035" ind1=" " ind2=" "><subfield code="a">(OCoLC)on1048635002</subfield></datafield><datafield tag="035" ind1=" " ind2=" "><subfield code="a">(EXLNZ-01CALS_NETWORK)991069743598002901</subfield></datafield><datafield tag="040" ind1=" " ind2=" "><subfield code="a">CHU</subfield><subfield code="b">eng</subfield><subfield code="c">CHU</subfield><subfield code="d">OCLCQ</subfield><subfield code="d">OCLCF</subfield><subfield code="d">CHU</subfield><subfield code="d">OCLCQ</subfield><subfield code="d">OCLCO</subfield><subfield code="d">OCLCL</subfield><subfield code="d">OCLCO</subfield><subfield code="d">OCLCQ</subfield></datafield><datafield tag="043" ind1=" " ind2=" "><subfield code="a">n-us-ca</subfield></datafield><datafield tag="100" ind1="1" ind2=" "><subfield code="a">Shuster, Merle (1921-2006),</subfield><subfield code="e">collection creator.</subfield></datafield><datafield tag="245" ind1="1" ind2="0"><subfield code="a">Shuster Photograph Collection :</subfield><subfield code="b">Finding Aid,</subfield><subfield code="f">1942-1990s</subfield><subfield code="g">(bulk 1940s-1960s).</subfield></datafield><datafield tag="300" ind1=" " ind2=" "><subfield code="a">2.5 Cubic feet; 7 boxes</subfield></datafield><datafield tag="336" ind1=" " ind2=" "><subfield code="a">text</subfield><subfield code="b">txt</subfield><subfield code="2">rdacontent</subfield></datafield><datafield tag="337" ind1=" " ind2=" "><subfield code="a">computer</subfield><subfield code="b">c</subfield><subfield code="2">rdamedia</subfield></datafield><datafield tag="338" ind1=" " ind2=" "><subfield code="a">online resource</subfield><subfield code="b">cr</subfield><subfield code="2">rdacarrier</subfield></datafield><datafield tag="520" ind1="3" ind2=" "><subfield code="a">As a freelance photographer in Humboldt County during the mid 20th century, Merle Shuster was often contracted by local people, businesses, land developers, and insurance companies. Photographs in this collection represent a mixture of images he was hired to take as well as images he chose to take, helping to illustrate Humboldt County's growth during the post-war period. Highlights from the collection include: the evolution of suburban housing around Arcata, such as the Bloomfield and Sunny Brae areas; industry expansions and business developments in Eureka; documentation of accidents and natural disasters, including related recovery operations; and footage of marijuana seizures from both Campaign Against Marijuana Planting (CAMP) and Operation Greensweep in the 1990s.</subfield></datafield><datafield tag="546" ind1=" " ind2=" "><subfield code="a">English.</subfield></datafield><datafield tag="651" ind1=" " ind2="0"><subfield code="a">Sunny Brae (Arcata, Calif.)</subfield><subfield code="0">http://id.loc.gov/authorities/names/n2002125447</subfield></datafield><datafield tag="651" ind1=" " ind2="0"><subfield code="a">Eureka (Calif.)</subfield><subfield code="0">http://id.loc.gov/authorities/names/n79117208</subfield></datafield><datafield tag="651" ind1=" " ind2="0"><subfield code="a">Humboldt Bay (Calif.)</subfield><subfield code="0">http://id.loc.gov/authorities/subjects/sh85062923</subfield></datafield><datafield tag="651" ind1=" " ind2="0"><subfield code="a">Humboldt County (Calif.)</subfield><subfield code="0">http://id.loc.gov/authorities/names/n81080544</subfield></datafield><datafield tag="651" ind1=" " ind2="0"><subfield code="a">Humboldt County (Calif.)</subfield><subfield code="x">History</subfield><subfield code="v">Pictorial works.</subfield></datafield><datafield tag="651" ind1=" " ind2="0"><subfield code="a">Arcata (Calif.)</subfield><subfield code="0">http://id.loc.gov/authorities/names/n50052883</subfield></datafield><datafield tag="651" ind1=" " ind2="6"><subfield code="a">Humboldt, Baie de (Calif.)</subfield></datafield><datafield tag="651" ind1=" " ind2="7"><subfield code="a">California</subfield><subfield code="z">Arcata</subfield><subfield code="2">fast</subfield><subfield code="1">https://id.oclc.org/worldcat/entity/E39PBJd3KpWMgXmgMDkmCbjDMP</subfield></datafield><datafield tag="651" ind1=" " ind2="7"><subfield code="a">California</subfield><subfield code="z">Arcata</subfield><subfield code="z">Sunny Brae</subfield><subfield code="2">fast</subfield><subfield code="1">https://id.oclc.org/worldcat/entity/E39PBJyh96hFfrrQQmThQWpgKd</subfield></datafield><datafield tag="651" ind1=" " ind2="7"><subfield code="a">California</subfield><subfield code="z">Eureka</subfield><subfield code="2">fast</subfield><subfield code="1">https://id.oclc.org/worldcat/entity/E39PBJp9pHHPGBXgjKmp678DMP</subfield></datafield><datafield tag="651" ind1=" " ind2="7"><subfield code="a">California</subfield><subfield code="z">Humboldt County</subfield><subfield code="2">fast</subfield><subfield code="1">https://id.oclc.org/worldcat/entity/E39PBJj4xJB7k34yxdjP6xRdwC</subfield></datafield><datafield tag="651" ind1=" " ind2="7"><subfield code="a">Pacific Ocean</subfield><subfield code="z">Humboldt Bay</subfield><subfield code="2">fast</subfield></datafield><datafield tag="610" ind1="2" ind2="0"><subfield code="a">Campaign Against Marijuana Planting (Organization)</subfield><subfield code="0">http://id.loc.gov/authorities/names/n88043605</subfield></datafield><datafield tag="610" ind1="2" ind2="0"><subfield code="a">Earth First! (Organization)</subfield><subfield code="0">http://id.loc.gov/authorities/names/no88006337</subfield></datafield><datafield tag="610" ind1="2" ind2="7"><subfield code="a">Campaign Against Marijuana Planting (Organization)</subfield><subfield code="2">fast</subfield></datafield><datafield tag="610" ind1="2" ind2="7"><subfield code="a">Earth First! (Organization)</subfield><subfield code="2">fast</subfield><subfield code="1">https://id.oclc.org/worldcat/entity/E39QH7JmpcBtTcRmFFrqfPfPp6</subfield></datafield><datafield tag="655" ind1=" " ind2="7"><subfield code="a">History</subfield><subfield code="2">fast</subfield></datafield><datafield tag="655" ind1=" " ind2="7"><subfield code="a">Illustrated works</subfield><subfield code="2">fast</subfield></datafield><datafield tag="856" ind1="4" ind2="1"><subfield code="u">https://specialcollections.humboldt.edu/shuster-photograph-collection-finding-aid</subfield></datafield><datafield tag="973" ind1="0" ind2=" "><subfield code="a">Finding Aids at Cal Poly Humboldt University</subfield><subfield code="9">LOCAL</subfield></datafield><datafield tag="994" ind1=" " ind2=" "><subfield code="a">92</subfield><subfield code="b">CAC</subfield></datafield><datafield tag="995" ind1=" " ind2=" "><subfield code="a">CSU ongoing load collection</subfield><subfield code="b">2024-10-31</subfield><subfield code="c">WorldCat record variable field(s) change: 655</subfield><subfield code="d">CSU interim load</subfield><subfield code="e">UPDATED</subfield></datafield></record>