<record><leader>04872cpcaa2200805 i 4500</leader><controlfield tag="001">999688651702909</controlfield><controlfield tag="005">20240210213018.0</controlfield><controlfield tag="008">180817nuuuuuuuuxx      o           zxx  </controlfield><datafield tag="035" ind1=" " ind2=" "><subfield code="a">(OCoLC)1048635118</subfield></datafield><datafield tag="035" ind1=" " ind2=" "><subfield code="a">(OCoLC)on1048635118</subfield></datafield><datafield tag="035" ind1=" " ind2=" "><subfield code="a">(EXLNZ-01CALS_NETWORK)991069743598102901</subfield></datafield><datafield tag="040" ind1=" " ind2=" "><subfield code="a">CHU</subfield><subfield code="b">eng</subfield><subfield code="e">rda</subfield><subfield code="c">CHU</subfield><subfield code="d">CHU</subfield><subfield code="d">OCLCF</subfield><subfield code="d">OCL</subfield><subfield code="d">OCLCO</subfield><subfield code="d">CHU</subfield><subfield code="d">OCLCQ</subfield><subfield code="d">OCLCO</subfield><subfield code="d">OCLCL</subfield></datafield><datafield tag="043" ind1=" " ind2=" "><subfield code="a">n-us-ca</subfield><subfield code="a">a-io---</subfield><subfield code="a">n-us-nc</subfield><subfield code="a">n-us-tn</subfield><subfield code="a">n-us-or</subfield></datafield><datafield tag="100" ind1="1" ind2=" "><subfield code="a">Becking, Rudolf Willem,</subfield><subfield code="d">1922-</subfield><subfield code="e">collection creator.</subfield><subfield code="1">https://id.oclc.org/worldcat/entity/E39PCjHW34bxRmqRpvMhBGMgKd</subfield></datafield><datafield tag="245" ind1="1" ind2="0"><subfield code="a">Becking (Rudolf W.) Collection :</subfield><subfield code="b">Finding Aid,</subfield><subfield code="f">1850-2010</subfield><subfield code="g">(bulk 1940-2005).</subfield></datafield><datafield tag="300" ind1=" " ind2=" "><subfield code="a">122.0 Cubic ft. 94 Record Storage Boxes, 9 Oversize Boxes</subfield></datafield><datafield tag="336" ind1=" " ind2=" "><subfield code="a">text</subfield><subfield code="b">txt</subfield><subfield code="2">rdacontent</subfield></datafield><datafield tag="337" ind1=" " ind2=" "><subfield code="a">computer</subfield><subfield code="b">c</subfield><subfield code="2">rdamedia</subfield></datafield><datafield tag="338" ind1=" " ind2=" "><subfield code="a">online resource</subfield><subfield code="b">cr</subfield><subfield code="2">rdacarrier</subfield></datafield><datafield tag="520" ind1="3" ind2=" "><subfield code="a">Rudolf Willem Becking was a professor of Forestry and Natural Resources at Humboldt State University from 1960-1983. He did extensive work in Northwestern California. His research interests included Redwoods, sustainable forestry (Plenturung), plant community ecology (Phytosociology), serpentine endemics, the Marbled Murrelet, timber cruise methodology, and many other topics. He worked in the Great Smoky Mountains in the 1950s-1960s and again in the 1970s. He did additional scholarly work in Indonesia, the USSR and in China. Becking also participated in political processes in the Northern California region. Highlights include involvement in the establishment and later expansion of Redwood National Park (1960s and 1970s), municipal environmental issues related to the city of Arcata, California and Humboldt Bay in the 1970s and 1980s, revision of the California Forest Practices Act in the 1970s, and many other regional environmental issues.</subfield></datafield><datafield tag="546" ind1=" " ind2=" "><subfield code="a">English</subfield></datafield><datafield tag="650" ind1=" " ind2="0"><subfield code="a">Forest management</subfield><subfield code="z">California, Northern.</subfield></datafield><datafield tag="650" ind1=" " ind2="0"><subfield code="a">Darlingtonia californica.</subfield></datafield><datafield tag="650" ind1=" " ind2="0"><subfield code="a">Douglas fir.</subfield></datafield><datafield tag="650" ind1=" " ind2="0"><subfield code="a">Forest management</subfield><subfield code="z">Indonesia.</subfield></datafield><datafield tag="650" ind1=" " ind2="0"><subfield code="a">Forests and forestry.</subfield></datafield><datafield tag="650" ind1=" " ind2="0"><subfield code="a">Herbicides</subfield><subfield code="x">Environmental aspects.</subfield></datafield><datafield tag="650" ind1=" " ind2="0"><subfield code="a">Logging.</subfield></datafield><datafield tag="650" ind1=" " ind2="0"><subfield code="a">Marbled murrelet.</subfield></datafield><datafield tag="650" ind1=" " ind2="0"><subfield code="a">Redwoods</subfield><subfield code="z">California</subfield><subfield code="z">Humboldt County.</subfield></datafield><datafield tag="650" ind1=" " ind2="6"><subfield code="a">Forêts</subfield><subfield code="x">Gestion</subfield><subfield code="z">Californie (Nord)</subfield></datafield><datafield tag="650" ind1=" " ind2="6"><subfield code="a">Forêts</subfield><subfield code="x">Gestion</subfield><subfield code="z">Indonésie.</subfield></datafield><datafield tag="650" ind1=" " ind2="6"><subfield code="a">Herbicides</subfield><subfield code="x">Aspect de l'environnement.</subfield></datafield><datafield tag="650" ind1=" " ind2="6"><subfield code="a">Forêts</subfield><subfield code="x">Exploitation.</subfield></datafield><datafield tag="650" ind1=" " ind2="6"><subfield code="a">Guillemot marbré.</subfield></datafield><datafield tag="650" ind1=" " ind2="6"><subfield code="a">Séquoias</subfield><subfield code="z">Californie</subfield><subfield code="z">Humboldt.</subfield></datafield><datafield tag="650" ind1=" " ind2="7"><subfield code="a">Darlingtonia californica.</subfield><subfield code="2">fast</subfield><subfield code="0">(OCoLC)fst00887866</subfield></datafield><datafield tag="650" ind1=" " ind2="7"><subfield code="a">Douglas fir.</subfield><subfield code="2">fast</subfield><subfield code="0">(OCoLC)fst00897152</subfield></datafield><datafield tag="650" ind1=" " ind2="7"><subfield code="a">Forest management.</subfield><subfield code="2">fast</subfield><subfield code="0">(OCoLC)fst00932231</subfield></datafield><datafield tag="650" ind1=" " ind2="7"><subfield code="a">Forests and forestry.</subfield><subfield code="2">fast</subfield><subfield code="0">(OCoLC)fst00932632</subfield></datafield><datafield tag="650" ind1=" " ind2="7"><subfield code="a">Herbicides</subfield><subfield code="x">Environmental aspects.</subfield><subfield code="2">fast</subfield><subfield code="0">(OCoLC)fst00955345</subfield></datafield><datafield tag="650" ind1=" " ind2="7"><subfield code="a">Logging.</subfield><subfield code="2">fast</subfield><subfield code="0">(OCoLC)fst01001952</subfield></datafield><datafield tag="650" ind1=" " ind2="7"><subfield code="a">Marbled murrelet.</subfield><subfield code="2">fast</subfield><subfield code="0">(OCoLC)fst01009007</subfield></datafield><datafield tag="650" ind1=" " ind2="7"><subfield code="a">Redwoods.</subfield><subfield code="2">fast</subfield><subfield code="0">(OCoLC)fst01092327</subfield></datafield><datafield tag="651" ind1=" " ind2="0"><subfield code="a">Arcata Marsh and Wildlife Sanctuary (Calif.)</subfield></datafield><datafield tag="651" ind1=" " ind2="0"><subfield code="a">Butler Valley Dam</subfield></datafield><datafield tag="651" ind1=" " ind2="0"><subfield code="a">Gasquet</subfield><subfield code="x">Orleans Road (Calif.)</subfield></datafield><datafield tag="651" ind1=" " ind2="0"><subfield code="a">Great Smoky Mountains National Park (N.C. and Tenn.)</subfield></datafield><datafield tag="651" ind1=" " ind2="0"><subfield code="a">Humboldt Bay (Calif.)</subfield></datafield><datafield tag="651" ind1=" " ind2="0"><subfield code="a">Klamath River Watershed (Or. and Calif.)</subfield></datafield><datafield tag="651" ind1=" " ind2="0"><subfield code="a">Mad River (Calif.)</subfield></datafield><datafield tag="651" ind1=" " ind2="0"><subfield code="a">Redwood National Park (Calif.)</subfield></datafield><datafield tag="651" ind1=" " ind2="6"><subfield code="a">Great Smoky Mountains National Park (Car. du N. et Tenn.)</subfield></datafield><datafield tag="651" ind1=" " ind2="6"><subfield code="a">Humboldt, Baie de (Calif.)</subfield></datafield><datafield tag="651" ind1=" " ind2="6"><subfield code="a">Klamath, Bassin du (Or. et Calif.)</subfield></datafield><datafield tag="651" ind1=" " ind2="6"><subfield code="a">Redwood National Park (Calif.)</subfield></datafield><datafield tag="651" ind1=" " ind2="7"><subfield code="a">California</subfield><subfield code="z">Arcata Marsh and Wildlife Sanctuary.</subfield><subfield code="2">fast</subfield><subfield code="0">(OCoLC)fst01279862</subfield></datafield><datafield tag="651" ind1=" " ind2="7"><subfield code="a">California</subfield><subfield code="z">Humboldt County.</subfield><subfield code="2">fast</subfield><subfield code="0">(OCoLC)fst01214282</subfield><subfield code="1">https://id.oclc.org/worldcat/entity/E39PBJj4xJB7k34yxdjP6xRdwC</subfield></datafield><datafield tag="651" ind1=" " ind2="7"><subfield code="a">California</subfield><subfield code="z">Mad River.</subfield><subfield code="2">fast</subfield><subfield code="0">(OCoLC)fst01242304</subfield></datafield><datafield tag="651" ind1=" " ind2="7"><subfield code="a">Northern California.</subfield><subfield code="2">fast</subfield><subfield code="0">(OCoLC)fst01692637</subfield></datafield><datafield tag="651" ind1=" " ind2="7"><subfield code="a">California</subfield><subfield code="z">Redwood National Park.</subfield><subfield code="2">fast</subfield><subfield code="0">(OCoLC)fst01281646</subfield></datafield><datafield tag="651" ind1=" " ind2="7"><subfield code="a">Indonesia.</subfield><subfield code="2">fast</subfield><subfield code="0">(OCoLC)fst01209242</subfield><subfield code="1">https://id.oclc.org/worldcat/entity/E39PBJcrbVHmQ674B9vYY3X8G3</subfield></datafield><datafield tag="651" ind1=" " ind2="7"><subfield code="a">Pacific Ocean</subfield><subfield code="z">Humboldt Bay.</subfield><subfield code="2">fast</subfield><subfield code="0">(OCoLC)fst01242944</subfield></datafield><datafield tag="651" ind1=" " ind2="7"><subfield code="a">United States</subfield><subfield code="z">Great Smoky Mountains National Park.</subfield><subfield code="2">fast</subfield><subfield code="0">(OCoLC)fst01312020</subfield></datafield><datafield tag="651" ind1=" " ind2="7"><subfield code="a">United States</subfield><subfield code="z">Klamath River Watershed.</subfield><subfield code="2">fast</subfield><subfield code="0">(OCoLC)fst01310940</subfield></datafield><datafield tag="610" ind1="2" ind2="0"><subfield code="a">Humboldt State University.</subfield><subfield code="b">Department of Forestry</subfield><subfield code="x">History.</subfield></datafield><datafield tag="655" ind1=" " ind2="7"><subfield code="a">History.</subfield><subfield code="2">fast</subfield><subfield code="0">(OCoLC)fst01411628</subfield></datafield><datafield tag="758" ind1=" " ind2=" "><subfield code="i">has work:</subfield><subfield code="a">Becking (Rudolf W.) Collection 1850-2010 (bulk 1940-2005) (Work)</subfield><subfield code="1">https://id.oclc.org/worldcat/entity/E39PCFXbHPbPM7yPMQK4p6HX3P</subfield><subfield code="4">https://id.oclc.org/worldcat/ontology/hasWork</subfield></datafield><datafield tag="856" ind1="4" ind2="1"><subfield code="u">https://specialcollections.humboldt.edu/rudolf-w-becking-collection-finding-aid</subfield></datafield><datafield tag="973" ind1="0" ind2=" "><subfield code="a">Finding Aids at Cal Poly Humboldt University</subfield><subfield code="9">local</subfield></datafield><datafield tag="994" ind1=" " ind2=" "><subfield code="a">92</subfield><subfield code="b">CAC</subfield></datafield><datafield tag="995" ind1=" " ind2=" "><subfield code="a">CSU ongoing load collection</subfield><subfield code="b">2024-02-10</subfield><subfield code="c">WorldCat record variable field(s) change: 758</subfield><subfield code="d">CSU interim load</subfield><subfield code="e">UPDATED</subfield></datafield></record>