<record><leader>01811cpcaa2200397 i 4500</leader><controlfield tag="001">999688651802909</controlfield><controlfield tag="005">20220321213023.0</controlfield><controlfield tag="008">180817nuuuuuuuuxx      o           zxx  </controlfield><datafield tag="035" ind1=" " ind2=" "><subfield code="a">(OCoLC)1048635095</subfield></datafield><datafield tag="035" ind1=" " ind2=" "><subfield code="a">(OCoLC)on1048635095</subfield></datafield><datafield tag="035" ind1=" " ind2=" "><subfield code="a">(EXLNZ-01CALS_NETWORK)991069743598302901</subfield></datafield><datafield tag="040" ind1=" " ind2=" "><subfield code="a">CHU</subfield><subfield code="b">eng</subfield><subfield code="e">rda</subfield><subfield code="c">CHU</subfield><subfield code="d">OCLCF</subfield><subfield code="d">CHU</subfield><subfield code="d">OCLCQ</subfield><subfield code="d">OCLCO</subfield></datafield><datafield tag="043" ind1=" " ind2=" "><subfield code="a">n-us-ca</subfield></datafield><datafield tag="099" ind1=" " ind2="9"><subfield code="a">1999.06</subfield><subfield code="9">local</subfield></datafield><datafield tag="100" ind1="1" ind2=" "><subfield code="a">Warren, Walter J. (1912-1996),</subfield><subfield code="e">collection creator.</subfield></datafield><datafield tag="245" ind1="1" ind2="0"><subfield code="a">Warren Photograph Collection :</subfield><subfield code="b">Finding Aid,</subfield><subfield code="f">1890s-1950s</subfield><subfield code="g">(bulk 1910-1940).</subfield></datafield><datafield tag="300" ind1=" " ind2=" "><subfield code="a">3 cubic feet; approximately 500 items</subfield></datafield><datafield tag="336" ind1=" " ind2=" "><subfield code="a">text</subfield><subfield code="b">txt</subfield><subfield code="2">rdacontent</subfield></datafield><datafield tag="337" ind1=" " ind2=" "><subfield code="a">computer</subfield><subfield code="b">c</subfield><subfield code="2">rdamedia</subfield></datafield><datafield tag="338" ind1=" " ind2=" "><subfield code="a">online resource</subfield><subfield code="b">cr</subfield><subfield code="2">rdacarrier</subfield></datafield><datafield tag="520" ind1="3" ind2=" "><subfield code="a">The Warren Photograph Collection provides a visual history of the lumber company town of Crannell (known as Bulwinkle prior to 1922) and the Little River Redwood Company (LRRC). LRRC purchased the Vance Redwood Mill in 1900 and merged with Hammond Lumber Company in 1931; these companies are also represented in this collection.</subfield></datafield><datafield tag="546" ind1=" " ind2=" "><subfield code="a">English</subfield></datafield><datafield tag="650" ind1=" " ind2="0"><subfield code="a">Company towns.</subfield></datafield><datafield tag="650" ind1=" " ind2="0"><subfield code="a">Forests and forestry.</subfield></datafield><datafield tag="650" ind1=" " ind2="0"><subfield code="a">Lumbering.</subfield></datafield><datafield tag="650" ind1=" " ind2="6"><subfield code="a">Forêts</subfield><subfield code="x">Exploitation.</subfield></datafield><datafield tag="650" ind1=" " ind2="7"><subfield code="a">Company towns.</subfield><subfield code="2">fast</subfield><subfield code="0">(OCoLC)fst00871307</subfield></datafield><datafield tag="650" ind1=" " ind2="7"><subfield code="a">Forests and forestry.</subfield><subfield code="2">fast</subfield><subfield code="0">(OCoLC)fst00932632</subfield></datafield><datafield tag="650" ind1=" " ind2="7"><subfield code="a">Lumbering.</subfield><subfield code="2">fast</subfield><subfield code="0">(OCoLC)fst01003596</subfield></datafield><datafield tag="651" ind1=" " ind2="0"><subfield code="a">California.</subfield></datafield><datafield tag="651" ind1=" " ind2="0"><subfield code="a">Humboldt County (Calif.)</subfield></datafield><datafield tag="651" ind1=" " ind2="6"><subfield code="a">Californie.</subfield></datafield><datafield tag="651" ind1=" " ind2="7"><subfield code="a">California.</subfield><subfield code="2">fast</subfield><subfield code="0">(OCoLC)fst01204928</subfield></datafield><datafield tag="651" ind1=" " ind2="7"><subfield code="a">California</subfield><subfield code="z">Humboldt County.</subfield><subfield code="2">fast</subfield><subfield code="0">(OCoLC)fst01214282</subfield></datafield><datafield tag="610" ind1="2" ind2="0"><subfield code="a">Little River Redwood Company</subfield></datafield><datafield tag="856" ind1="4" ind2="1"><subfield code="u">https://specialcollections.humboldt.edu/warren-photograph-collection-finding-aid</subfield></datafield><datafield tag="973" ind1="0" ind2=" "><subfield code="a">Finding Aids at Cal Poly Humboldt University</subfield><subfield code="9">local</subfield></datafield><datafield tag="994" ind1=" " ind2=" "><subfield code="a">92</subfield><subfield code="b">CAC</subfield></datafield><datafield tag="995" ind1=" " ind2=" "><subfield code="a">CSU ongoing load collection</subfield><subfield code="b">2022-03-21</subfield><subfield code="c">WorldCat record variable field(s) change: 650, 651</subfield><subfield code="d">CSU interim load</subfield><subfield code="e">UPDATED</subfield></datafield></record>