<record><leader>03108ctcaa2200373 i 4500</leader><controlfield tag="001">999888208702909</controlfield><controlfield tag="005">20240229213018.0</controlfield><controlfield tag="008">230505nuuuuuuuuxx      o     000 0 eng d</controlfield><datafield tag="035" ind1=" " ind2=" "><subfield code="a">(OCoLC)1378326387</subfield></datafield><datafield tag="035" ind1=" " ind2=" "><subfield code="a">(OCoLC)on1378326387</subfield></datafield><datafield tag="035" ind1=" " ind2=" "><subfield code="a">(EXLNZ-01CALS_NETWORK)991075522093702901</subfield></datafield><datafield tag="040" ind1=" " ind2=" "><subfield code="a">CHU</subfield><subfield code="b">eng</subfield><subfield code="e">rda</subfield><subfield code="c">CHU</subfield><subfield code="d">OCLCF</subfield><subfield code="d">OCLCO</subfield><subfield code="d">OCLCL</subfield><subfield code="d">OCLCQ</subfield></datafield><datafield tag="043" ind1=" " ind2=" "><subfield code="a">n-us-ca</subfield></datafield><datafield tag="099" ind1=" " ind2="9"><subfield code="a">2023.01</subfield><subfield code="9">local</subfield></datafield><datafield tag="245" ind1="0" ind2="0"><subfield code="a">Charles Irving Clay Papers :</subfield><subfield code="b">Finding Aid</subfield><subfield code="f">Letters 1892-1968</subfield><subfield code="g">(bulk--letters 1904-1910) ; (bulk--photographs 1932-1968)</subfield></datafield><datafield tag="300" ind1=" " ind2=" "><subfield code="a">.5 linear feet.</subfield></datafield><datafield tag="336" ind1=" " ind2=" "><subfield code="a">text</subfield><subfield code="b">txt</subfield><subfield code="2">rdacontent</subfield></datafield><datafield tag="337" ind1=" " ind2=" "><subfield code="a">computer</subfield><subfield code="b">c</subfield><subfield code="2">rdamedia</subfield></datafield><datafield tag="338" ind1=" " ind2=" "><subfield code="a">online resource</subfield><subfield code="b">cr</subfield><subfield code="2">rdacarrier</subfield></datafield><datafield tag="561" ind1=" " ind2=" "><subfield code="a">This collection was donated by Ray Hillman to the University of Pacific. The University of Pacific donated the material to Cal Poly Humboldt's Special Collections in 2023, as it relates to the C.I. Clay Oological Collection, which is open for research at Humboldt.</subfield></datafield><datafield tag="540" ind1=" " ind2=" "><subfield code="a">Copyright has not been assigned to Cal Poly Humboldt. To obtain permission to publish or reproduce in any format please contact the Special Collections Librarian.</subfield></datafield><datafield tag="520" ind1="2" ind2=" "><subfield code="a">The collection comprises 14 folders containing 144 letters, 4 postcards and 39 photographs. There are three series: PROFESSIONAL CORRESPONDENCE includes an abundance of letters sent to Charles Irving Clay from 1894-1917. Included are letters requesting specimens, inquiries from organizations requesting C.I. Clay for specific jobs as well as letters informing him of his publications or requests for him to join clubs through memberships. PERSONAL CORRESPONDENCE includes a wide variety correspondence ranging from 1892-1918 with J.A. Clay (C.I. Clay's father), "Frankie" (C.I. Clay's wife) and various additional family members and close friends. PHOTOGRAPHS range from 1932-1968 and depict some specimens as well as living birds, various people and locations from travel. Many photos have written descriptions on the back.</subfield></datafield><datafield tag="545" ind1="0" ind2=" "><subfield code="a">Charles Irving Clay worked in the field of ornithology, more specifically oology (the study of bird eggs, nests and breeding behaviors). He lived in Humboldt County but often worked for organizations that sent him elsewhere in the country to collect specimens.</subfield></datafield><datafield tag="524" ind1=" " ind2=" "><subfield code="a">[Identification of item]. Charles Irving Clay Papers. Collection Number: 2023.01. Cal Poly Humboldt, Library Special Collections and Archives</subfield></datafield><datafield tag="535" ind1="1" ind2=" "><subfield code="a">Cal Poly Humboldt Special Collections and Archives</subfield><subfield code="b">Third Floor, Room 303, 1 Harpst St. Arcata CA 95521;</subfield><subfield code="c">USA;</subfield><subfield code="d">707-826-3419</subfield><subfield code="g">cau</subfield></datafield><datafield tag="546" ind1=" " ind2=" "><subfield code="a">English</subfield></datafield><datafield tag="506" ind1=" " ind2=" "><subfield code="a">Open for research by appointment.</subfield></datafield><datafield tag="650" ind1=" " ind2="0"><subfield code="a">Birds</subfield><subfield code="z">California</subfield><subfield code="z">Humboldt County.</subfield></datafield><datafield tag="650" ind1=" " ind2="0"><subfield code="a">Birds</subfield><subfield code="z">Nests</subfield><subfield code="z">California</subfield><subfield code="z">Humboldt County.</subfield></datafield><datafield tag="650" ind1=" " ind2="0"><subfield code="a">Birds</subfield><subfield code="z">Eggs</subfield><subfield code="z">California</subfield><subfield code="z">Humboldt County.</subfield></datafield><datafield tag="650" ind1=" " ind2="6"><subfield code="a">Oiseaux</subfield><subfield code="z">Californie</subfield><subfield code="z">Humboldt.</subfield></datafield><datafield tag="650" ind1=" " ind2="7"><subfield code="a">Birds</subfield><subfield code="2">fast</subfield></datafield><datafield tag="651" ind1=" " ind2="7"><subfield code="a">California</subfield><subfield code="z">Humboldt County</subfield><subfield code="2">fast</subfield><subfield code="1">https://id.oclc.org/worldcat/entity/E39PBJj4xJB7k34yxdjP6xRdwC</subfield></datafield><datafield tag="856" ind1="4" ind2="0"><subfield code="u">https://specialcollections.humboldt.edu/charles-irving-clay-papers</subfield></datafield><datafield tag="973" ind1="0" ind2=" "><subfield code="a">Finding Aids at Cal Poly Humboldt University.</subfield><subfield code="9">local</subfield></datafield><datafield tag="994" ind1=" " ind2=" "><subfield code="a">92</subfield><subfield code="b">CAC</subfield></datafield><datafield tag="995" ind1=" " ind2=" "><subfield code="a">CSU ongoing load collection</subfield><subfield code="b">2024-02-29</subfield><subfield code="c">WorldCat record encoding level change</subfield><subfield code="d">CSU interim load</subfield><subfield code="e">UPDATED</subfield></datafield></record>