<record><leader>03038ctcaa2200457Ii 4500</leader><controlfield tag="001">999899705802909</controlfield><controlfield tag="005">20240326213017.0</controlfield><controlfield tag="008">230804nuuuuuuuuxx            000 0 eng d</controlfield><datafield tag="035" ind1=" " ind2=" "><subfield code="a">(OCoLC)1392287549</subfield></datafield><datafield tag="035" ind1=" " ind2=" "><subfield code="a">(OCoLC)on1392287549</subfield></datafield><datafield tag="035" ind1=" " ind2=" "><subfield code="a">(EXLNZ-01CALS_NETWORK)991075755276902901</subfield></datafield><datafield tag="040" ind1=" " ind2=" "><subfield code="a">CHU</subfield><subfield code="b">eng</subfield><subfield code="e">rda</subfield><subfield code="c">CHU</subfield><subfield code="d">OCLCO</subfield><subfield code="d">OCLCQ</subfield><subfield code="d">OCLCF</subfield></datafield><datafield tag="043" ind1=" " ind2=" "><subfield code="a">n-us-ca</subfield></datafield><datafield tag="099" ind1=" " ind2=" "><subfield code="a">2018.14</subfield><subfield code="9">local</subfield></datafield><datafield tag="110" ind1="1" ind2=" "><subfield code="a">Toyon Literary Journal Cal Poly Humboldt Department of English.,</subfield><subfield code="e">collection creator</subfield></datafield><datafield tag="245" ind1="1" ind2="0"><subfield code="a">Toyon Literary Journal collection :</subfield><subfield code="b">Finding Aid.</subfield></datafield><datafield tag="300" ind1=" " ind2=" "><subfield code="a">2 oversize boxes.</subfield></datafield><datafield tag="336" ind1=" " ind2=" "><subfield code="a">text</subfield><subfield code="b">txt</subfield><subfield code="2">rdacontent</subfield></datafield><datafield tag="337" ind1=" " ind2=" "><subfield code="a">computer</subfield><subfield code="b">c</subfield><subfield code="2">rdamedia</subfield></datafield><datafield tag="338" ind1=" " ind2=" "><subfield code="a">online resource</subfield><subfield code="b">cr</subfield><subfield code="2">rdacarrier</subfield></datafield><datafield tag="561" ind1=" " ind2=" "><subfield code="a">The collection was originally donated to Special Collections in 2018 by Professor Janelle Adsit.</subfield></datafield><datafield tag="540" ind1=" " ind2=" "><subfield code="a">Copyright has not been assigned to Cal Poly Humboldt. To obtain permission to publish or reproduce in any format please contact the Special Collections Librarian.</subfield></datafield><datafield tag="520" ind1="3" ind2=" "><subfield code="a">This collection contains material related to past Toyon Award contests, controversial cover content (1969 issue w/ letter), visual art prints, issue layout designs w/ negatives, and Toyon technical paperwork. The contest ads were created by the student staff members of Toyon to help promote the Raymond Carver short story contest ( later renamed Richard Cortez Day Award), one of many themed awards that Toyon has continued to promote when calling for submissions each year. The layout designs included in the collection display both rough and final drafts of layouts that were created by students on the production team.</subfield></datafield><datafield tag="524" ind1=" " ind2=" "><subfield code="a">[Identification of item]. Toyon Literary Journal Collection. Collection Number: 2018.14. Cal Poly Humboldt, Library Special Collections and Archives</subfield></datafield><datafield tag="535" ind1="1" ind2=" "><subfield code="a">Cal Poly Humboldt Special Collections and Archives</subfield><subfield code="b">Third Floor, Room 303, 1 Harpst St. Arcata CA 95521;</subfield><subfield code="c">USA;</subfield><subfield code="d">707-826-3419</subfield><subfield code="g">cau</subfield></datafield><datafield tag="546" ind1=" " ind2=" "><subfield code="a">English</subfield></datafield><datafield tag="506" ind1=" " ind2=" "><subfield code="a">Open for research by appointment</subfield></datafield><datafield tag="650" ind1=" " ind2="0"><subfield code="a">College students' writings, American</subfield><subfield code="z">California</subfield><subfield code="z">Arcata</subfield><subfield code="x">Periodicals.</subfield></datafield><datafield tag="650" ind1=" " ind2="0"><subfield code="a">American literature</subfield><subfield code="z">California</subfield><subfield code="z">Arcata</subfield><subfield code="x">Periodicals.</subfield></datafield><datafield tag="650" ind1=" " ind2="0"><subfield code="a">American literature</subfield><subfield code="y">20th century</subfield><subfield code="x">Periodicals.</subfield></datafield><datafield tag="650" ind1=" " ind2="0"><subfield code="a">American literature</subfield><subfield code="y">21st century</subfield><subfield code="x">Periodicals.</subfield></datafield><datafield tag="650" ind1=" " ind2="6"><subfield code="a">Littérature américaine</subfield><subfield code="z">Californie</subfield><subfield code="z">Arcata</subfield><subfield code="x">Périodiques.</subfield></datafield><datafield tag="650" ind1=" " ind2="6"><subfield code="a">Littérature américaine</subfield><subfield code="y">20e siècle</subfield><subfield code="x">Périodiques.</subfield></datafield><datafield tag="650" ind1=" " ind2="6"><subfield code="a">Littérature américaine</subfield><subfield code="y">21e siècle</subfield><subfield code="x">Périodiques.</subfield></datafield><datafield tag="650" ind1=" " ind2="7"><subfield code="a">American literature.</subfield><subfield code="2">fast</subfield><subfield code="0">(OCoLC)fst00807113</subfield></datafield><datafield tag="650" ind1=" " ind2="7"><subfield code="a">College students' writings, American.</subfield><subfield code="2">fast</subfield><subfield code="0">(OCoLC)fst00868081</subfield></datafield><datafield tag="651" ind1=" " ind2="7"><subfield code="a">California</subfield><subfield code="z">Arcata.</subfield><subfield code="2">fast</subfield><subfield code="0">(OCoLC)fst01202811</subfield></datafield><datafield tag="610" ind1="1" ind2="0"><subfield code="a">Cal Poly Humboldt University.</subfield><subfield code="b">Department of English.</subfield><subfield code="x">Periodicals</subfield></datafield><datafield tag="655" ind1=" " ind2="7"><subfield code="a">Periodicals.</subfield><subfield code="2">fast</subfield><subfield code="0">(OCoLC)fst01411641</subfield></datafield><datafield tag="648" ind1=" " ind2="7"><subfield code="a">1900-2099</subfield><subfield code="2">fast</subfield></datafield><datafield tag="856" ind1="4" ind2="1"><subfield code="u">https://oac.cdlib.org/findaid/ark:/13030/c80r9x4g/entire_text/</subfield></datafield><datafield tag="973" ind1="0" ind2=" "><subfield code="a">Finding Aids at Cal Poly Humboldt University</subfield><subfield code="9">local</subfield></datafield><datafield tag="994" ind1=" " ind2=" "><subfield code="a">92</subfield><subfield code="b">CAC</subfield></datafield><datafield tag="995" ind1=" " ind2=" "><subfield code="a">CSU ongoing load collection</subfield><subfield code="b">2024-03-26</subfield><subfield code="c">WorldCat record variable field(s) change: 648, 650, 651, 655</subfield><subfield code="d">CSU interim load</subfield><subfield code="e">UPDATED</subfield></datafield></record>