<record><leader>04737cpcaa2200949 i 4500</leader><controlfield tag="001">999906608902909</controlfield><controlfield tag="005">20241026213017.0</controlfield><controlfield tag="008">230917nuuuuuuuuxx      o           mul  </controlfield><datafield tag="035" ind1=" " ind2=" "><subfield code="a">(OCoLC)1397812777</subfield></datafield><datafield tag="035" ind1=" " ind2=" "><subfield code="a">(OCoLC)on1397812777</subfield></datafield><datafield tag="035" ind1=" " ind2=" "><subfield code="a">(EXLNZ-01CALS_NETWORK)991075820705202901</subfield></datafield><datafield tag="040" ind1=" " ind2=" "><subfield code="a">CHU</subfield><subfield code="b">eng</subfield><subfield code="e">rda</subfield><subfield code="c">CHU</subfield><subfield code="d">OCLCO</subfield><subfield code="d">OCLCF</subfield><subfield code="d">OCLCA</subfield><subfield code="d">OCLCQ</subfield><subfield code="d">OCLCO</subfield><subfield code="d">OCLCQ</subfield><subfield code="d">OCLCO</subfield></datafield><datafield tag="041" ind1="0" ind2=" "><subfield code="a">eng</subfield><subfield code="a">nai</subfield></datafield><datafield tag="099" ind1=" " ind2="9"><subfield code="a">2021.01</subfield><subfield code="9">local</subfield></datafield><datafield tag="100" ind1="1" ind2=" "><subfield code="a">Tripp, Brian D.,</subfield><subfield code="d">1945-2022,</subfield><subfield code="e">collection creator.</subfield><subfield code="1">https://id.oclc.org/worldcat/entity/E39PCjFk9VrthX9987wgcyC38K</subfield><subfield code="0">http://id.loc.gov/authorities/names/no2010122178</subfield></datafield><datafield tag="245" ind1="1" ind2="0"><subfield code="a">Brian D. Tripp papers :</subfield><subfield code="b">Finding Aid,</subfield><subfield code="f">1880s-2023</subfield><subfield code="g">(bulk 1970s-2010s).</subfield></datafield><datafield tag="300" ind1=" " ind2=" "><subfield code="a">21 boxes, 19 linear feet</subfield></datafield><datafield tag="336" ind1=" " ind2=" "><subfield code="a">text</subfield><subfield code="b">txt</subfield><subfield code="2">rdacontent</subfield></datafield><datafield tag="337" ind1=" " ind2=" "><subfield code="a">computer</subfield><subfield code="b">c</subfield><subfield code="2">rdamedia</subfield></datafield><datafield tag="338" ind1=" " ind2=" "><subfield code="a">online resource</subfield><subfield code="b">cr</subfield><subfield code="2">rdacarrier</subfield></datafield><datafield tag="541" ind1=" " ind2=" "><subfield code="c">Donation;</subfield><subfield code="a">Brian Tripp</subfield><subfield code="d">May 16, 2021.</subfield></datafield><datafield tag="520" ind1="3" ind2=" "><subfield code="a">The Brian D. Tripp Papers include subject files on topics concerning his time as an artist, a poet, a teacher, a traditional singer and dancemaker. A significant portion of the collection deals with Tripp's artistic work and philosophy, and his participation in museum and art gallery exhibitions, both national and international.</subfield></datafield><datafield tag="555" ind1="8" ind2=" "><subfield code="a">Finding aid for the Brian Tripp papers (available in Cal Poly Humboldt reading room by appointment) includes a collection listing at the folder level, arranged into ten series.</subfield></datafield><datafield tag="524" ind1=" " ind2=" "><subfield code="a">Brian D. Tripp Papers, 2021.01. Cal Poly Humboldt Library, Arcata, Calif.</subfield></datafield><datafield tag="546" ind1=" " ind2=" "><subfield code="a">Text in English and Karuk</subfield></datafield><datafield tag="650" ind1=" " ind2="0"><subfield code="a">Karuk artists</subfield><subfield code="x">Biography.</subfield></datafield><datafield tag="650" ind1=" " ind2="0"><subfield code="a">Karuk art</subfield><subfield code="y">20th century</subfield><subfield code="x">Exhibitions.</subfield></datafield><datafield tag="650" ind1=" " ind2="0"><subfield code="a">Art, Modern</subfield><subfield code="y">20th century</subfield><subfield code="x">Exhibitions.</subfield></datafield><datafield tag="650" ind1=" " ind2="0"><subfield code="a">Art, American</subfield><subfield code="z">California, Northern</subfield><subfield code="y">20th century</subfield><subfield code="x">Exhibitions.</subfield></datafield><datafield tag="650" ind1=" " ind2="0"><subfield code="a">Art, Modern.</subfield><subfield code="0">http://id.loc.gov/authorities/subjects/sh85007793</subfield></datafield><datafield tag="650" ind1=" " ind2="0"><subfield code="a">Art, American.</subfield><subfield code="0">http://id.loc.gov/authorities/subjects/sh85007537</subfield></datafield><datafield tag="650" ind1=" " ind2="0"><subfield code="a">Art</subfield><subfield code="x">Study and teaching.</subfield><subfield code="0">http://id.loc.gov/authorities/subjects/sh85007505</subfield></datafield><datafield tag="650" ind1=" " ind2="0"><subfield code="a">Artists</subfield><subfield code="z">California.</subfield></datafield><datafield tag="650" ind1=" " ind2="0"><subfield code="a">Artists</subfield><subfield code="x">Political activity.</subfield></datafield><datafield tag="650" ind1=" " ind2="0"><subfield code="a">Activism.</subfield><subfield code="0">http://id.loc.gov/authorities/subjects/sh2023000618</subfield></datafield><datafield tag="650" ind1=" " ind2="0"><subfield code="a">Anthropology.</subfield><subfield code="0">http://id.loc.gov/authorities/subjects/sh85005581</subfield></datafield><datafield tag="650" ind1=" " ind2="0"><subfield code="a">Ethnology</subfield><subfield code="x">Study and teaching.</subfield><subfield code="0">http://id.loc.gov/authorities/subjects/sh85045204</subfield></datafield><datafield tag="650" ind1=" " ind2="0"><subfield code="a">Indian art</subfield><subfield code="z">North America.</subfield><subfield code="0">http://id.loc.gov/authorities/subjects/sh85065204</subfield></datafield><datafield tag="650" ind1=" " ind2="0"><subfield code="a">Indian art</subfield><subfield code="x">Political aspects</subfield><subfield code="y">20th century</subfield><subfield code="x">Exhibitions.</subfield></datafield><datafield tag="650" ind1=" " ind2="0"><subfield code="a">Indian artists</subfield><subfield code="z">California, Northern.</subfield></datafield><datafield tag="650" ind1=" " ind2="0"><subfield code="a">Indians of North America</subfield><subfield code="x">Education</subfield><subfield code="z">California.</subfield></datafield><datafield tag="650" ind1=" " ind2="0"><subfield code="a">Indians of North America</subfield><subfield code="v">Poetry.</subfield><subfield code="0">http://id.loc.gov/authorities/subjects/sh85065354</subfield></datafield><datafield tag="650" ind1=" " ind2="6"><subfield code="a">Art karok</subfield><subfield code="y">20e siècle</subfield><subfield code="x">Expositions.</subfield></datafield><datafield tag="650" ind1=" " ind2="6"><subfield code="a">Art</subfield><subfield code="y">20e siècle</subfield><subfield code="x">Expositions.</subfield></datafield><datafield tag="650" ind1=" " ind2="6"><subfield code="a">Art américain</subfield><subfield code="z">Californie (Nord)</subfield><subfield code="y">20e siècle</subfield><subfield code="x">Expositions.</subfield></datafield><datafield tag="650" ind1=" " ind2="6"><subfield code="a">Art américain.</subfield></datafield><datafield tag="650" ind1=" " ind2="6"><subfield code="a">Art</subfield><subfield code="x">Étude et enseignement.</subfield></datafield><datafield tag="650" ind1=" " ind2="6"><subfield code="a">Artistes</subfield><subfield code="z">Californie.</subfield></datafield><datafield tag="650" ind1=" " ind2="6"><subfield code="a">Artistes</subfield><subfield code="x">Activité politique.</subfield></datafield><datafield tag="650" ind1=" " ind2="6"><subfield code="a">Anthropologie.</subfield></datafield><datafield tag="650" ind1=" " ind2="6"><subfield code="a">Ethnologie</subfield><subfield code="x">Étude et enseignement.</subfield></datafield><datafield tag="650" ind1=" " ind2="6"><subfield code="a">Artistes des Peuples autochtones</subfield><subfield code="z">Californie (Nord)</subfield></datafield><datafield tag="650" ind1=" " ind2="6"><subfield code="a">Art précolombien</subfield><subfield code="x">Aspect politique</subfield><subfield code="y">20e siècle</subfield><subfield code="x">Expositions.</subfield></datafield><datafield tag="650" ind1=" " ind2="7"><subfield code="a">art education.</subfield><subfield code="2">aat</subfield></datafield><datafield tag="650" ind1=" " ind2="7"><subfield code="a">anthropology.</subfield><subfield code="2">aat</subfield></datafield><datafield tag="650" ind1=" " ind2="7"><subfield code="a">Activism</subfield><subfield code="2">fast</subfield></datafield><datafield tag="650" ind1=" " ind2="7"><subfield code="a">Anthropology</subfield><subfield code="2">fast</subfield></datafield><datafield tag="650" ind1=" " ind2="7"><subfield code="a">Art, American</subfield><subfield code="2">fast</subfield></datafield><datafield tag="650" ind1=" " ind2="7"><subfield code="a">Art, Modern</subfield><subfield code="2">fast</subfield></datafield><datafield tag="650" ind1=" " ind2="7"><subfield code="a">Art</subfield><subfield code="x">Study and teaching</subfield><subfield code="2">fast</subfield></datafield><datafield tag="650" ind1=" " ind2="7"><subfield code="a">Artists</subfield><subfield code="2">fast</subfield></datafield><datafield tag="650" ind1=" " ind2="7"><subfield code="a">Artists</subfield><subfield code="x">Political activity</subfield><subfield code="2">fast</subfield></datafield><datafield tag="650" ind1=" " ind2="7"><subfield code="a">Ethnology</subfield><subfield code="x">Study and teaching</subfield><subfield code="2">fast</subfield></datafield><datafield tag="650" ind1=" " ind2="7"><subfield code="a">Indian art</subfield><subfield code="2">fast</subfield></datafield><datafield tag="650" ind1=" " ind2="7"><subfield code="a">Indian artists</subfield><subfield code="2">fast</subfield></datafield><datafield tag="650" ind1=" " ind2="7"><subfield code="a">Indians of North America</subfield><subfield code="2">fast</subfield></datafield><datafield tag="650" ind1=" " ind2="7"><subfield code="a">Indians of North America</subfield><subfield code="x">Education</subfield><subfield code="2">fast</subfield></datafield><datafield tag="650" ind1=" " ind2="7"><subfield code="a">Karuk art</subfield><subfield code="2">fast</subfield></datafield><datafield tag="650" ind1=" " ind2="7"><subfield code="a">Karuk artists</subfield><subfield code="2">fast</subfield></datafield><datafield tag="651" ind1=" " ind2="0"><subfield code="a">Gasquet-Orleans Road (Calif.)</subfield></datafield><datafield tag="651" ind1=" " ind2="0"><subfield code="a">California, Northern</subfield><subfield code="v">Poetry.</subfield></datafield><datafield tag="651" ind1=" " ind2="6"><subfield code="a">Californie (Nord)</subfield><subfield code="v">Poésie.</subfield></datafield><datafield tag="651" ind1=" " ind2="7"><subfield code="a">California</subfield><subfield code="2">fast</subfield><subfield code="1">https://id.oclc.org/worldcat/entity/E39PBJt8p3GDkhpJkC9y6FY3wC</subfield></datafield><datafield tag="651" ind1=" " ind2="7"><subfield code="a">North America</subfield><subfield code="2">fast</subfield><subfield code="1">https://id.oclc.org/worldcat/entity/E39PBJxRHKPqWyj6g89H9PwHmd</subfield></datafield><datafield tag="651" ind1=" " ind2="7"><subfield code="a">Northern California</subfield><subfield code="2">fast</subfield></datafield><datafield tag="600" ind1="1" ind2="0"><subfield code="a">Tripp, Brian D.,</subfield><subfield code="d">1945-2022</subfield><subfield code="x">Exhibitions.</subfield></datafield><datafield tag="600" ind1="1" ind2="7"><subfield code="a">Tripp, Brian D.,</subfield><subfield code="d">1945-2022</subfield><subfield code="2">fast</subfield></datafield><datafield tag="655" ind1=" " ind2="7"><subfield code="a">Biographies</subfield><subfield code="2">fast</subfield></datafield><datafield tag="655" ind1=" " ind2="7"><subfield code="a">Exhibition catalogs</subfield><subfield code="2">fast</subfield></datafield><datafield tag="655" ind1=" " ind2="7"><subfield code="a">Poetry</subfield><subfield code="2">fast</subfield></datafield><datafield tag="648" ind1=" " ind2="7"><subfield code="a">1900-1999</subfield><subfield code="2">fast</subfield></datafield><datafield tag="691" ind1=" " ind2="0"><subfield code="a">Humboldt County (Calif.)</subfield><subfield code="9">local</subfield></datafield><datafield tag="856" ind1="4" ind2="1"><subfield code="u">https://specialcollections.humboldt.edu/brian-d-tripp-papers-finding-aid</subfield></datafield><datafield tag="973" ind1=" " ind2=" "><subfield code="a">Finding Aids at Cal Poly Humboldt University</subfield><subfield code="9">local</subfield></datafield><datafield tag="994" ind1=" " ind2=" "><subfield code="a">92</subfield><subfield code="b">CAC</subfield></datafield><datafield tag="995" ind1=" " ind2=" "><subfield code="a">CSU ongoing load collection</subfield><subfield code="b">2024-10-26</subfield><subfield code="c">WorldCat record variable field(s) change: 650</subfield><subfield code="d">CSU interim load</subfield><subfield code="e">UPDATED</subfield></datafield></record>