<record><leader>02628ctcaa2200373 i 4500</leader><controlfield tag="001">999987708902909</controlfield><controlfield tag="005">20241215213016.0</controlfield><controlfield tag="008">241206nuuuuuuuuxx      o     000 0 eng d</controlfield><datafield tag="035" ind1=" " ind2=" "><subfield code="a">(OCoLC)1476561149</subfield></datafield><datafield tag="035" ind1=" " ind2=" "><subfield code="a">(OCoLC)on1476561149</subfield></datafield><datafield tag="035" ind1=" " ind2=" "><subfield code="a">(EXLNZ-01CALS_NETWORK)991077583829202901</subfield></datafield><datafield tag="040" ind1=" " ind2=" "><subfield code="a">CHU</subfield><subfield code="b">eng</subfield><subfield code="e">rda</subfield><subfield code="c">CHU</subfield><subfield code="d">CHU</subfield><subfield code="d">OCLCO</subfield></datafield><datafield tag="043" ind1=" " ind2=" "><subfield code="a">n-us-ca</subfield></datafield><datafield tag="099" ind1=" " ind2="9"><subfield code="a">2021.02</subfield><subfield code="9">local</subfield></datafield><datafield tag="245" ind1="0" ind2="0"><subfield code="a">Freeman Art Company Photograph Collection :</subfield><subfield code="b">Finding Aid</subfield><subfield code="f">1913-1969</subfield><subfield code="g">(bulk 1930-1950)</subfield></datafield><datafield tag="300" ind1=" " ind2=" "><subfield code="a">4 linear feet, 8 boxes.</subfield></datafield><datafield tag="336" ind1=" " ind2=" "><subfield code="a">text</subfield><subfield code="b">txt</subfield><subfield code="2">rdacontent</subfield></datafield><datafield tag="337" ind1=" " ind2=" "><subfield code="a">computer</subfield><subfield code="b">c</subfield><subfield code="2">rdamedia</subfield></datafield><datafield tag="338" ind1=" " ind2=" "><subfield code="a">online resource</subfield><subfield code="b">cr</subfield><subfield code="2">rdacarrier</subfield></datafield><datafield tag="561" ind1=" " ind2=" "><subfield code="a">This collection was donated to Cal Poly Humboldt Special Collection by Bruce and Elena Pettit in 2021. It was originally housed in three large plastic tubs, which contained boxes of negatives and print photographs from the Freeman Art Company.</subfield></datafield><datafield tag="540" ind1=" " ind2=" "><subfield code="a">Copyright has not been assigned to Cal Poly Humboldt. To obtain permission to publish or reproduce in any format please contact the Special Collections Librarian.</subfield></datafield><datafield tag="520" ind1="2" ind2=" "><subfield code="a">This collection contains 747 images (615 acetate negatives; 95 glass plate negatives; and 37 print photographs) by the Freeman Art Company of Eureka, California. Subjects include towns, schools, Redwoods, fishing, Mad River construction projects, Eureka waterfront, breweries, agriculture, town bridges, rivers, parades, Days of General Grant festival, portraits, and other miscellaneous images. These images are mainly taken between 1930-1950 and show life in Humboldt County during this time period. The photographer is likely Stephen Fred Chamley who owned and operated the Freeman Art Company at this time.</subfield></datafield><datafield tag="545" ind1="0" ind2=" "><subfield code="a">The Freeman Art Company opened in Eureka, California in 1908.</subfield></datafield><datafield tag="524" ind1=" " ind2=" "><subfield code="a">[Identification of item]. Freeman Art Company Photograph Collection . Collection Number: 2021.02. Cal Poly Humboldt, Library Special Collections and Archives.</subfield></datafield><datafield tag="535" ind1="1" ind2=" "><subfield code="a">Cal Poly Humboldt Special Collections and Archives</subfield><subfield code="b">Third Floor, Room 303, 1 Harpst St. Arcata CA 95521;</subfield><subfield code="c">USA;</subfield><subfield code="d">707-826-3419</subfield><subfield code="g">cau</subfield></datafield><datafield tag="546" ind1=" " ind2=" "><subfield code="a">English</subfield></datafield><datafield tag="506" ind1=" " ind2=" "><subfield code="a">Open for research by appointment.</subfield></datafield><datafield tag="650" ind1=" " ind2="0"><subfield code="a">Photography</subfield><subfield code="z">California</subfield><subfield code="z">Humboldt County.</subfield></datafield><datafield tag="650" ind1=" " ind2="0"><subfield code="a">Photographers</subfield><subfield code="z">California</subfield><subfield code="z">Humboldt County.</subfield></datafield><datafield tag="650" ind1=" " ind2="0"><subfield code="a">Photographs.</subfield><subfield code="0">http://id.loc.gov/authorities/subjects/sh85101195</subfield></datafield><datafield tag="650" ind1=" " ind2="6"><subfield code="a">Photographes</subfield><subfield code="z">Californie</subfield><subfield code="z">Humboldt.</subfield></datafield><datafield tag="650" ind1=" " ind2="6"><subfield code="a">Photographies.</subfield></datafield><datafield tag="650" ind1=" " ind2="7"><subfield code="a">photographs.</subfield><subfield code="2">aat</subfield></datafield><datafield tag="856" ind1="4" ind2="0"><subfield code="u">https://specialcollections.humboldt.edu/freeman-art-company-photograph-collection</subfield></datafield><datafield tag="973" ind1="0" ind2=" "><subfield code="a">Finding Aids at Cal Poly Humboldt University.</subfield><subfield code="9">local</subfield></datafield><datafield tag="994" ind1=" " ind2=" "><subfield code="a">92</subfield><subfield code="b">CAC</subfield></datafield><datafield tag="995" ind1=" " ind2=" "><subfield code="a">CSU ongoing load collection</subfield><subfield code="b">2024-12-15</subfield><subfield code="c">WorldCat record variable field(s) change: 650</subfield><subfield code="d">CSU interim load</subfield><subfield code="e">UPDATED</subfield></datafield></record></collection>